,name,12/31/2010,12/31/2009,12/31/2008,12/31/2007,12/31/2006,12/31/2005,12/31/2004,12/31/2003,12/31/2002,12/31/2001,12/31/2000,12/31/1999,12/31/1998,12/31/1997,12/31/1996,12/31/1995,12/31/1994,12/31/1993,ttm
0,TotalAssets,"4,757,000","4,415,000","1,765,000","2,334,000","2,422,000","4,464,000","1,273,000","941,000","1,264,000","4,058,000","5,087,000","6,804,000","37,337,000","20,952,000","16,473,000","14,600,000","13,900,000","15,100,000",
1,	CurrentAssets,"2,389,000","1,988,000","398,000","1,220,000","840,000","820,000","416,000","394,000","575,000","542,000","616,000","1,808,000","7,275,000","16,931,000","5,298,000","5,200,000","5,000,000","6,000,000",
2,		CashCashEquivalentsAndShortTermInvestments,"98,000","718,000","182,000","61,000","270,000","363,000","127,000","216,000","79,000","55,000","31,000","1,047,000","5,190,000","13,955,000","375,000","200,000","600,000","700,000",
3,			CashAndCashEquivalents,"98,000","718,000","182,000","61,000","270,000","363,000","127,000","216,000","79,000","55,000","31,000","767,000","5,190,000","13,955,000","375,000","200,000","600,000","700,000",
4,			OtherShortTermInvestments,,,,,,,,,,,,"280,000",,,,,,,
5,		Receivables,"1,400,000","1,063,000","185,000","665,000","319,000","221,000","167,000","89,000","133,000","355,000","337,000","560,000","1,443,000","2,654,000","2,405,000","2,300,000","2,000,000","2,300,000",
6,			AccountsReceivable,"1,400,000","1,063,000","185,000","630,000","313,000","215,000","167,000","89,000","133,000","175,000",,"480,000","1,386,000","1,654,000","2,405,000",,,,
7,				GrossAccountsReceivable,"1,468,000",,,,,,,,,,,,,,,,,,
8,				AllowanceForDoubtfulAccountsReceivable,"-68,000",,,,,,,,,,,,,,,,,,
9,			LoansReceivable,,,,,,,,,,"180,000",,,,,,,,,
10,			NotesReceivable,,,,,,,,,,,,"80,000","57,000",,,,,,
11,			OtherReceivables,0,0,0,"35,000","6,000","6,000",0,0,0,0,,,0,"1,000,000",0,,,,
12,		Inventory,"63,000","48,000",,,"205,000","149,000",,,,"76,000","129,000","103,000","383,000","227,000","2,003,000","2,300,000","2,000,000","2,600,000",
13,		PrepaidAssets,"78,000","139,000","5,000","7,000","26,000","67,000","82,000","34,000","20,000","56,000",,"98,000","259,000","84,000","442,000",,,,
14,		AssetsHeldForSaleCurrent,"750,000","20,000",,,,,,,,,,,,,,,,,
15,		OtherCurrentAssets,,"20,000","26,000","487,000","20,000","20,000","40,000","55,000","343,000",,"119,000",,,"11,000","73,000","400,000","400,000","400,000",
16,	TotalNonCurrentAssets,"2,368,000","2,427,000","1,367,000","1,114,000","1,582,000","3,644,000","857,000","547,000","689,000","3,516,000","4,471,000","4,996,000","30,062,000","4,021,000","11,175,000","9,400,000","8,900,000","9,100,000",
17,		NetPPE,"1,998,000","1,742,000","1,221,000","861,000","1,297,000","3,267,000","633,000","451,000","535,000","2,710,000","3,166,000","2,892,000","27,782,000","1,947,000","8,699,000","7,200,000","6,800,000","6,300,000",
18,			GrossPPE,"2,423,000","2,253,000","2,561,000","2,306,000","2,925,000","4,779,000","2,090,000","1,843,000","1,794,000","4,894,000","5,364,000","6,879,000","32,921,000","6,247,000","16,793,000","14,300,000","13,000,000","11,900,000",
19,				Properties,,"1,088,000",0,,,,,0,0,,,,,,,,,,
20,				LandAndImprovements,,"69,000","1,137,000",,,,,"1,399,000","1,365,000",,,,,,,,,,
21,				BuildingsAndImprovements,,"453,000","512,000",,,,,"65,000","65,000",,,,,,,,,,
22,				MachineryFurnitureEquipment,,"477,000","762,000","2,306,000","2,925,000","4,779,000",,"202,000","202,000",,,,,,,,,,
23,				OtherProperties,,"166,000","150,000",0,0,0,,"177,000","162,000",,,,,,,,,,
24,			AccumulatedDepreciation,"-425,000","-511,000","-1,340,000","-1,445,000","-1,628,000","-1,512,000","-1,457,000","-1,392,000","-1,259,000","-2,184,000","-2,198,000","-3,987,000","-5,139,000","-4,300,000","-8,094,000","-7,100,000","-6,200,000","-5,600,000",
25,		GoodwillAndOtherIntangibleAssets,"6,000","3,000","9,000","137,000","170,000","277,000","103,000","15,000","57,000","46,000","49,000","24,000","39,000","494,000","766,000","400,000","500,000","700,000",
26,			OtherIntangibleAssets,"6,000","3,000","9,000","137,000","170,000","277,000","103,000","15,000","57,000","46,000","49,000",,,,,"400,000","500,000","700,000",
27,		InvestmentsAndAdvances,"89,000","332,000",,,,,,,,,,"1,324,000","1,887,000","1,580,000","1,710,000",,,,
28,			OtherInvestments,,"332,000",,,,,,,,,,,,,,,,,
29,		NonCurrentNoteReceivables,"225,000","300,000",,,,,,,,,,"756,000","354,000",,,,,,
30,		OtherNonCurrentAssets,"50,000","50,000","137,000","116,000","115,000","100,000","121,000","81,000","97,000","760,000","1,256,000",,0,,0,"1,800,000","1,600,000","2,100,000",
31,TotalLiabilitiesNetMinorityInterest,"7,500,000","4,439,000","4,777,000","11,519,000","9,770,000","10,439,000","5,417,000","6,274,000","6,097,000","3,513,000","2,315,000","2,138,000","28,950,000","8,415,000","7,664,000","4,600,000","3,600,000","5,300,000",
32,	CurrentLiabilities,"4,900,000","1,469,000","1,935,000","4,379,000","1,111,000","3,268,000","1,360,000","1,248,000","859,000","892,000","775,000","1,236,000","2,281,000","7,007,000","3,553,000","3,200,000","2,600,000","4,200,000",
33,		PayablesAndAccruedExpenses,"2,808,000","1,342,000","528,000","493,000","600,000","1,595,000","491,000","458,000","315,000","585,000","167,000","1,219,000","2,162,000","1,966,000","1,395,000","1,400,000","1,500,000","2,500,000",
34,			Payables,"2,624,000","1,046,000","97,000","53,000","162,000","717,000","177,000","133,000","138,000","156,000","167,000","350,000","777,000","1,074,000","1,395,000","1,400,000","1,500,000","2,500,000",
35,				AccountsPayable,"2,624,000","1,046,000","97,000","53,000","162,000","717,000","177,000","133,000","138,000","156,000","167,000","262,000","677,000","533,000","1,395,000","1,400,000","1,500,000","2,500,000",
36,				TotalTaxPayable,,,,,,,,,,,,"88,000","100,000","541,000",,,,,
37,					IncomeTaxPayable,,,,,,,,,,,,"88,000","100,000","541,000",,,,,
38,				DuetoRelatedPartiesCurrent,,0,,,,,,,,,,,,,,,,,
39,				OtherPayable,0,0,0,0,0,0,0,0,0,0,0,,0,,0,,,,
40,			CurrentAccruedExpenses,"184,000","296,000","431,000","440,000","438,000","878,000","314,000","325,000","177,000","429,000",,"869,000","1,385,000","892,000",,,,,
41,		CurrentDebtAndCapitalLeaseObligation,"1,428,000","78,000","1,342,000","2,235,000","471,000","1,631,000","774,000","698,000","419,000","307,000","30,000","17,000","119,000","136,000","1,549,000","1,500,000","600,000","1,200,000",
42,			CurrentDebt,"1,428,000","78,000","1,342,000","2,235,000","471,000","1,631,000","774,000","698,000","419,000","307,000","30,000","17,000","119,000","136,000","1,549,000","1,500,000","600,000","1,200,000",
43,		OtherCurrentLiabilities,"664,000","49,000","65,000","1,651,000","40,000","42,000","95,000","92,000","125,000",0,"578,000",,0,"4,905,000","609,000","300,000","500,000","500,000",
44,	TotalNonCurrentLiabilitiesNetMinorityInterest,"2,600,000","2,970,000","2,842,000","7,140,000","8,659,000","7,171,000","4,057,000","5,026,000","5,238,000","2,621,000","1,540,000","902,000","26,669,000","1,408,000","4,111,000",,,,
45,		LongTermDebtAndCapitalLeaseObligation,"2,290,000","2,660,000","2,670,000","6,989,000","8,526,000","7,038,000","3,807,000","4,883,000","4,241,000","2,513,000","1,428,000","13,000","25,780,000","519,000","2,911,000","1,500,000","1,000,000","1,100,000",
46,			LongTermDebt,"2,290,000","2,660,000","2,670,000","6,989,000","8,526,000","7,038,000","3,807,000","4,883,000","4,241,000","2,513,000","1,428,000","13,000","25,780,000","519,000","2,911,000","1,500,000","1,000,000","1,100,000",
47,		PreferredSecuritiesOutsideStockEquity,,,,,,,,,"889,000",,,,,,,,,,
48,		OtherNonCurrentLiabilities,"310,000","310,000","172,000","151,000","133,000","133,000","250,000","143,000","108,000","108,000","112,000","889,000","889,000","889,000","1,200,000","-100,000",0,0,
49,TotalEquityGrossMinorityInterest,"-2,743,000","-24,000","-3,012,000","-9,185,000","-7,348,000","-5,975,000","-4,144,000","-5,333,000","-4,833,000","545,000","2,772,000","4,666,000","8,387,000","12,537,000","8,809,000","10,000,000","10,300,000","9,800,000",
50,	StockholdersEquity,"-92,000","2,627,000","-3,012,000","-9,185,000","-7,348,000","-5,983,000","-4,144,000","-5,333,000","-4,833,000","545,000","2,772,000","4,666,000","8,387,000","12,433,000","8,656,000","10,000,000","10,300,000","9,800,000",
51,		CapitalStock,"896,000","896,000","896,000","893,000","893,000","893,000","892,000","892,000","3,000","892,000","892,000","3,000","3,000","3,000","3,000",,,,
52,			PreferredStock,"889,000","889,000","889,000","889,000","889,000","889,000","889,000","889,000",,"889,000","889,000",,,,,,,,
53,			CommonStock,"7,000","7,000","7,000","4,000","4,000","4,000","3,000","3,000","3,000","3,000","3,000","3,000","3,000","3,000","3,000",,,,
54,			OtherCapitalStock,0,0,0,0,0,0,0,0,0,0,0,,,,,,,,
55,		AdditionalPaidInCapital,"42,901,000","42,780,000","42,655,000","38,823,000","38,665,000","38,509,000","38,193,000","37,941,000","38,207,000","38,081,000","37,986,000","37,723,000","37,747,000","37,911,000","41,629,000",,,,
56,		RetainedEarnings,"-43,913,000","-41,073,000","-46,590,000","-48,954,000","-46,928,000","-45,374,000","-43,214,000","-44,151,000","-41,182,000","-36,568,000","-34,247,000","-31,218,000","-27,819,000","-23,962,000","-32,976,000","-32,700,000","-32,300,000","-32,800,000",
57,		TreasuryStock,,,,,,,,,"1,846,000","1,846,000","1,846,000","1,846,000","1,544,000","1,519,000",,,,,
58,		GainsLossesNotAffectingRetainedEarnings,"24,000","24,000","27,000","53,000","22,000","-11,000","-15,000","-15,000","-15,000","-14,000","-13,000","4,000",,,,,,,
59,		OtherEquityInterest,,,,,,,,,,,,,,,,"42,700,000","42,600,000","42,600,000",
60,	MinorityInterest,"-2,651,000","-2,651,000",,,,"8,000",,,,,,,0,"104,000","153,000",,,,
61,TotalCapitalization,"2,198,000","5,287,000","-342,000","-2,196,000","1,178,000","1,055,000","-337,000","-450,000","-592,000","3,058,000","4,200,000","4,679,000","34,167,000","12,952,000","11,567,000","11,500,000","11,300,000","10,900,000",
62,PreferredStockEquity,"889,000","889,000","889,000","889,000","889,000","889,000","889,000","889,000",,"889,000","889,000",,,,,,,,
63,CommonStockEquity,"-981,000","1,738,000","-3,901,000","-10,074,000","-8,237,000","-6,872,000","-5,033,000","-6,222,000","-4,833,000","-344,000","1,883,000","4,666,000","8,387,000","12,433,000","8,656,000","10,000,000","10,300,000","9,800,000",
64,NetTangibleAssets,"-98,000","2,624,000","-3,021,000","-9,322,000","-7,518,000","-6,260,000","-4,247,000","-5,348,000","-4,890,000","499,000","2,723,000","4,642,000","8,348,000","11,939,000","7,890,000","9,600,000","9,800,000","9,100,000",
65,WorkingCapital,"-2,511,000","519,000","-1,537,000","-3,159,000","-271,000","-2,448,000","-944,000","-854,000","-284,000","-350,000","-159,000","572,000","4,994,000","9,924,000","1,745,000","2,000,000","2,400,000","1,800,000",
66,InvestedCapital,"2,737,000","4,476,000","111,000","-850,000","760,000","1,797,000","-452,000","-641,000","-173,000","2,476,000","3,341,000","4,696,000","34,286,000","13,088,000","13,116,000","13,000,000","11,900,000","12,100,000",
67,TangibleBookValue,"-987,000","1,735,000","-3,910,000","-10,211,000","-8,407,000","-7,149,000","-5,136,000","-6,237,000","-4,890,000","-390,000","1,834,000","4,642,000","8,348,000","11,939,000","7,890,000","9,600,000","9,800,000","9,100,000",
68,TotalDebt,"3,718,000","2,738,000","4,012,000","9,224,000","8,997,000","8,669,000","4,581,000","5,581,000","4,660,000","2,820,000","1,458,000","30,000","25,899,000","655,000","4,460,000","3,000,000","1,600,000","2,300,000",
69,NetDebt,"3,620,000","2,020,000","3,830,000","9,163,000","8,727,000","8,306,000","4,454,000","5,365,000","4,581,000","2,765,000","1,427,000",,"20,709,000",,"4,085,000","2,800,000","1,000,000","1,600,000",
70,ShareIssued,"20,103,889","19,971,622","19,824,914","12,487,694","11,183,160","11,078,420","9,315,380","9,315,380","7,315,380","7,315,380","7,315,380","7,316,172","7,380,192","7,584,717","8,397,222",,,"8,397,222",
71,OrdinarySharesNumber,"20,103,889","19,971,622","19,824,914","12,487,694","11,183,160","11,078,420","9,315,380","9,315,380","7,315,380","7,315,380","7,315,380","7,316,172","7,380,192","7,584,717","8,397,222",,,"8,397,222",
72,PreferredSharesNumber,"27,838","27,838","55,676","55,676","55,676","55,676","55,676","55,676",,"55,676","55,676",,,,,"90,000","91,000","91,000",
0,TotalRevenue,"785,000","501,000","1,505,000","1,467,000","2,085,000","1,379,000","972,000","593,000","469,000","602,000","782,000","1,503,000","9,246,000","5,808,000","16,683,000","17,000,000","17,500,000","15,800,000","1,237,823"
1,	OperatingRevenue,"785,000","501,000","1,505,000","1,467,000","2,085,000","1,379,000","972,000","593,000","469,000","602,000","782,000","1,503,000","9,246,000","5,808,000","16,683,000","17,000,000","17,500,000","15,800,000","1,237,823"
2,CostOfRevenue,0,"718,000","861,000","939,000","2,290,000","1,976,000","1,677,000","1,519,000","575,000","620,000","1,336,000","1,708,000","5,459,000","4,895,000","12,197,000","12,900,000","12,900,000","12,500,000","70,886"
3,GrossProfit,"785,000","-217,000","644,000","528,000","-205,000","-597,000","-705,000","-926,000","-106,000","-18,000","-554,000","-205,000","3,787,000","913,000","4,486,000","4,100,000","4,600,000","3,300,000","1,166,937"
4,OperatingExpense,"2,884,000","1,430,000","1,178,000","906,000","1,077,000","1,120,000","995,000","1,212,000","2,951,000","1,354,000","1,812,000","2,269,000","3,600,000","3,065,000","5,388,000","4,900,000","5,300,000","4,300,000","2,320,958"
5,	SellingGeneralAndAdministration,,"1,341,000","971,000","732,000","863,000","861,000","870,000","923,000","1,204,000","1,232,000","1,701,000","1,915,000","2,731,000","2,345,000","4,079,000","3,700,000","4,200,000","3,200,000",
6,	DepreciationAmortizationDepletionIncomeStatement,,"89,000","207,000","174,000","214,000","187,000","92,000","169,000","144,000","90,000","111,000","354,000","869,000","720,000","1,309,000","1,200,000","1,100,000","1,100,000",
7,		DepreciationAndAmortizationInIncomeStatement,,,"207,000","174,000","214,000","187,000","92,000","169,000","144,000","90,000","111,000","354,000",,"435,000",,"1,200,000","1,100,000","1,100,000",
8,			DepreciationIncomeStatement,,,,,,,,,,,,,,,,"1,200,000","1,100,000","1,100,000",
9,		DepletionIncomeStatement,,,,,,,,,,,,0,,"285,000",,,,,
10,	OtherOperatingExpenses,,,,,,"72,000","33,000","120,000","1,603,000","32,000",,,,,,,,,
11,OperatingIncome,"-2,099,000","-1,647,000","-534,000","-378,000","-1,282,000","-1,717,000","-1,700,000","-2,138,000","-3,057,000","-1,372,000","-2,366,000","-2,474,000","187,000","-2,152,000","-902,000","-800,000","-700,000","-1,000,000","-1,154,021"
12,NetNonOperatingInterestIncomeExpense,,"-269,000",,,,,,,,,,,,,,,,,
13,	InterestIncomeNonOperating,,"26,000",,,,,,,,,,,,,,,,,
14,	InterestExpenseNonOperating,,"295,000",,,,,,,,,,,,,,,,,
15,OtherIncomeExpense,"-573,000","4,850,000","4,575,000","308,000","714,000","316,000","3,294,000","1,046,000","-2,687,000","-156,000","-490,000","121,000","-96,000","-173,000","1,003,000","500,000","1,500,000","500,000","-252,581"
16,	EarningsFromEquityInterest,,"-759,000","-429,000","-4,000","49,000","4,801,000","376,000","236,000",,"-167,000",,,,,,,,,
17,	SpecialIncomeCharges,"-573,000","5,609,000","5,004,000","312,000","665,000","-4,485,000","2,918,000","810,000","-2,687,000","11,000","-490,000","121,000","-96,000","-173,000","1,003,000","500,000","1,500,000","500,000","-474,581"
18,		ImpairmentOfCapitalAssets,,"149,000",,,,,,,,,,,,,,,,,
19,		OtherSpecialCharges,,"-864,000",,,,,,,,,,,,,,,,,
20,		GainOnSaleOfPPE,,"4,894,000",,,,,,,,,,,,,,,,,
21,PretaxIncome,"-2,672,000","2,934,000","3,336,000","-954,000","-1,539,000","-2,267,000","1,055,000","-1,490,000","-4,422,000","-1,526,000","-2,764,000","-2,295,000","-473,000","-2,388,000","-140,000",,,,"-1,683,583"
22,TaxProvision,"-77,000","62,000","25,000","-1,000","-17,000","35,000","118,000",,"-31,000","-73,000","8,000","48,000","100,000","40,000",0,,,,0
23,NetIncomeCommonStockholders,"-2,840,000","2,863,000","2,364,000","-2,026,000","-1,554,000","-2,160,000","937,000","-1,611,000","-4,624,000","-2,321,000","-3,029,000","-3,399,000","-3,857,000","5,225,000","-315,000","-400,000","700,000","35,000,000","-1,621,583"
24,	NetIncome,"-2,840,000","2,863,000","2,364,000","-2,026,000","-1,554,000","-2,160,000","937,000","-1,611,000","-4,624,000","-2,321,000","-3,029,000","-3,399,000","-3,857,000","9,014,000","-315,000","-400,000","700,000","35,000,000","-1,621,583"
25,		NetIncomeIncludingNoncontrollingInterests,"-2,840,000","2,871,000","2,364,000","-2,026,000","-1,562,000","-2,202,000","937,000","-1,611,000","-4,624,000","-2,321,000","-3,045,000","-3,399,000","-3,857,000","9,014,000","-315,000","-400,000","700,000","35,000,000","-1,621,583"
26,			NetIncomeContinuousOperations,"-2,595,000","2,872,000","3,311,000","-953,000","-1,522,000","-2,302,000","937,000","-1,490,000","-4,391,000","-1,453,000","-2,772,000","-2,343,000","-573,000","-2,428,000","-140,000","-400,000","700,000","-600,000","-1,683,583"
27,			NetIncomeDiscontinuousOperations,"-245,000","-1,000","-947,000","-1,073,000","-32,000","142,000",,"-121,000","-233,000","-868,000","-257,000","-1,056,000","-3,284,000","11,442,000","-175,000",,,"-11,500,000","62,000"
28,			NetIncomeFromTaxLossCarryforward,,,,,,,,,,,,,,,,,,"47,100,000",
29,		MinorityInterests,0,"-8,000",,,"8,000","42,000",,,,,"16,000",,,,,,,,
30,	OtherunderPreferredStockDividend,,,,,,,,,,,,,,"3,789,000",,,,,
31,DilutedNIAvailtoComStockholders,"-2,840,000","2,863,000","2,364,000","-2,026,000","-1,554,000","-2,160,000","937,000","-1,611,000","-4,624,000","-2,321,000","-3,029,000","-3,399,000","-3,857,000","5,225,000","-315,000","-400,000","700,000","35,000,000","-1,621,583"
32,BasicEPS,-0.14,0.14,0.165,-0.17,-0.135,-0.185,0.09,-0.185,-0.63,-0.318,-0.415,-0.463,-0.507,0.62,-0.037,,,,
33,DilutedEPS,-0.14,0.14,0.115,-0.172,-0.135,-0.185,0.07,-0.185,-0.63,-0.318,-0.415,-0.463,-0.507,0.62,-0.037,,,,
34,BasicAverageShares,"20,104,000","19,958,000","14,518,000","11,792,000","11,310,000","11,776,000","10,430,000","8,752,000","7,316,000","7,316,000","7,316,000","7,356,000","7,626,000","8,424,000","8,590,909",,,"8,397,222",
35,DilutedAverageShares,"20,104,000","21,164,000","20,906,000","11,792,000","11,310,000","11,776,000","12,956,000","8,752,000","7,316,000","7,316,000","7,316,000","7,356,000","7,626,000","8,424,000","8,590,909",,,"8,397,222",
36,TotalOperatingIncomeAsReported,"-2,099,000","-1,647,000","-534,000","-378,000","-1,282,000","-1,717,000","-1,700,000","-2,138,000","-3,057,000","-1,372,000","-2,366,000","-2,474,000","187,000","-2,152,000","-902,000",,,,"-1,154,021"
37,TotalExpenses,"2,884,000","2,148,000","2,039,000","1,845,000","3,367,000","3,096,000","2,672,000","2,731,000","3,526,000","1,974,000","3,148,000","3,977,000","9,059,000","7,960,000","17,585,000","17,800,000","18,200,000","16,800,000","2,391,844"
38,NetIncomeFromContinuingAndDiscontinuedOperation,"-2,840,000","2,863,000","2,364,000","-2,026,000","-1,554,000","-2,160,000","937,000","-1,611,000","-4,624,000","-2,321,000","-3,029,000","-3,399,000","-3,857,000","9,014,000","-315,000","-400,000","700,000","-12,100,000","-1,621,583"
39,NormalizedIncome,"-2,038,512.35","-2,626,473.074","-1,693,000","-1,265,000","-2,179,654.321","2,113,756.506","-1,654,626.54","-2,300,000","-1,704,000","-1,463,473.788","-2,282,000","-2,461,469.281","-497,295.983","-2,257,897.822","-1,143,000","-900,000","-800,000","-1,100,000","-1,209,002"
40,InterestIncome,,"26,000","8,000","8,000","25,000","19,000","3,000","1,000","119,000","177,000","136,000",,"400,000",,"18,000",,,,
41,InterestExpense,,"295,000","713,000","892,000","1,004,000","999,000","575,000","519,000","400,000","207,000","60,000",,"964,000",,"259,000","200,000","100,000","100,000",
42,NetInterestIncome,,"-269,000","-705,000","-884,000","-979,000","-980,000","-572,000","-518,000","-281,000","-30,000","76,000",,"-564,000",,"-241,000",,,,
43,EBIT,"-2,099,000","3,229,000","-534,000","-378,000","-1,282,000","-1,717,000","-1,700,000","-2,138,000","-3,057,000","-1,372,000","-2,366,000","-2,474,000","187,000","-2,152,000","-902,000","-800,000","-700,000","-1,000,000","-820,942"
44,EBITDA,,,,,,,,,,,,,,,,,,,"-820,942"
45,ReconciledCostOfRevenue,0,"718,000","861,000","914,000","2,289,000","1,976,000","1,677,000","1,519,000","573,000","574,000","1,336,000","1,708,000","4,962,000","4,318,000","12,197,000","12,900,000","12,900,000","12,500,000","70,886"
46,ReconciledDepreciation,,"89,000","207,000","199,000","215,000","187,000","92,000","169,000","146,000","136,000","111,000","354,000","1,366,000","1,297,000",,"1,200,000","1,100,000","1,100,000",
47,NetIncomeFromContinuingOperationNetMinorityInterest,"-2,595,000","2,864,000","3,311,000","-953,000","-1,522,000","-2,302,000","937,000","-1,490,000","-4,391,000","-1,453,000","-2,772,000","-2,343,000","-573,000","-2,428,000","-140,000","-400,000","700,000","-600,000","-1,683,583"
48,TotalUnusualItemsExcludingGoodwill,"-573,000","5,609,000","5,004,000","312,000","665,000","-4,485,000","2,918,000","810,000","-2,687,000","11,000","-490,000","121,000","-96,000","-173,000","1,003,000","500,000","1,500,000","500,000","-474,581"
49,TotalUnusualItems,"-573,000","5,609,000","5,004,000","312,000","665,000","-4,485,000","2,918,000","810,000","-2,687,000","11,000","-490,000","121,000","-96,000","-173,000","1,003,000","500,000","1,500,000","500,000","-474,581"
50,NormalizedEBITDA,"-1,526,000","-2,291,000","-5,331,000","-491,000","-1,732,000","2,955,000","-4,526,000","-2,779,000","-224,000","-1,247,000","-1,765,000","-2,241,000","1,649,000","-682,000","-596,000","-100,000","-1,100,000","-400,000","-346,361"
51,TaxRateForCalcs,0.029,0.021,0,0,0.011,0.015,0.112,0,0,0.048,0,0.021,0.211,0.017,0,0,0,0,0
52,TaxEffectOfUnusualItems,"-16,512.35","118,526.926",0,0,"7,345.679","-69,243.494","326,373.46",0,0,526.212,0,"2,530.719","-20,295.983","-2,897.822",0,0,0,0,0
