,name,12/31/2008,12/31/2007,12/31/2006,12/31/2005,12/31/2004,12/31/2003,12/31/2002,12/31/2001,12/31/2000,12/31/1999,12/31/1998,12/31/1997,ttm
0,TotalAssets,"390,375","2,980,654","2,705,615","2,840,655","2,952,193","2,879,705","1,179,636","1,832,464","4,370,000","25,683,000","15,400,000","1,200,000",
1,	CurrentAssets,"265,574","568,355","142,235","389,930","293,325","37,188","671,035","1,337,343","2,409,000","10,809,000","13,300,000","900,000",
2,		CashCashEquivalentsAndShortTermInvestments,"236,402","398,261","38,260","171,738","167,223","18,410","598,467","1,312,343","2,333,000","8,471,000","12,300,000","800,000",
3,			CashAndCashEquivalents,"236,402","398,261","38,260","171,738","167,223","18,410","598,467","1,312,343","2,333,000","8,471,000","12,300,000","800,000",
4,		Receivables,"29,172","170,094","103,975","218,192","126,102","18,778",,,,"1,119,000","200,000","100,000",
5,			AccountsReceivable,"29,172","170,094","103,975","218,192","126,102","18,778",,,,,,,
6,			OtherReceivables,0,0,0,0,0,0,,,,,,,
7,		Inventory,,,,,,,,,,"282,000","400,000",,
8,		PrepaidAssets,,,,,,,"72,568","25,000",,,,,
9,		OtherCurrentAssets,0,0,0,0,0,0,0,0,"76,000","937,000","400,000",,
10,	TotalNonCurrentAssets,"124,801","2,412,299","2,563,380","2,450,725","2,658,868","2,842,517","508,601","495,121","1,961,000","14,874,000","2,100,000","300,000",
11,		NetPPE,"124,800","45,578","196,659","84,004","8,424","10,374","183,622","344,522","509,000","1,032,000","1,900,000","100,000",
12,			GrossPPE,"3,284,690","1,022,803","1,285,744","991,891","916,311","1,091,509","1,091,509","1,091,509","1,109,000","1,387,000","2,300,000","300,000",
13,				Properties,0,0,0,0,,0,0,0,,,,,
14,				LandAndImprovements,"3,284,690","1,022,803","194,235","78,580",,,,,,,,,
15,				BuildingsAndImprovements,,,,,,"355,273","355,273","355,273",,,,,
16,				MachineryFurnitureEquipment,,,,,,"736,236","736,236","736,236",,,,,
17,				OtherProperties,,,"1,091,509","913,311",,,,,,,,,
18,			AccumulatedDepreciation,"-3,159,890","-977,225","-1,089,085","-907,887","-907,887","-1,081,135","-907,887","-746,987","-600,000","-355,000","-400,000","-200,000",
19,		GoodwillAndOtherIntangibleAssets,,,,,,,,,,"13,137,000",,,
20,			OtherIntangibleAssets,,,,,,,,,,"13,137,000",,,
21,		InvestmentsAndAdvances,0,,,,,,,,,,,,
22,		OtherNonCurrentAssets,1,"2,366,721","2,366,721","2,366,721","2,650,444","2,832,143","324,979","150,599","1,452,000","705,000","200,000","200,000",
23,TotalLiabilitiesNetMinorityInterest,"772,194","1,062,530","943,541","945,961","900,496","441,806","192,572","178,625","606,000","5,401,000","4,500,000","1,200,000",
24,	CurrentLiabilities,"772,194","884,405","743,541","389,712","900,496","441,806","192,572","178,625","564,000","5,317,000","4,400,000","1,200,000",
25,		PayablesAndAccruedExpenses,"219,830","326,281","181,359","155,661","309,834","241,806","77,522","86,575","493,000","4,383,000","2,400,000","700,000",
26,			Payables,"129,148","98,030","95,998","107,237","291,834","241,806","77,522","86,575","493,000","4,383,000","2,400,000","700,000",
27,				AccountsPayable,"129,148","98,030","95,998","107,237","291,834","241,806","77,522","86,575","493,000","4,383,000","2,400,000","700,000",
28,				OtherPayable,0,0,0,0,0,0,0,0,0,,0,,
29,			CurrentAccruedExpenses,"90,682","228,251","85,361","48,424","18,000",,,,,,,,
30,				InterestPayable,"90,682",,,,,,,,,,,,
31,		CurrentDebtAndCapitalLeaseObligation,"521,551","558,125","556,249","200,000","450,000","200,000",,,"71,000","74,000",,,
32,			CurrentDebt,"521,551","558,125","556,249","200,000","450,000","200,000",,,"71,000","74,000",,,
33,				CurrentNotesPayable,,,"556,249","200,000","450,000","200,000",,,,,,,
34,				OtherCurrentBorrowings,,,0,0,0,0,,,,,,,
35,		OtherCurrentLiabilities,"30,813",-1,"5,933","34,051","140,662",0,"115,050","92,050",0,"860,000","2,000,000","500,000",
36,	TotalNonCurrentLiabilitiesNetMinorityInterest,0,"178,125","200,000","556,249",,,,,"42,000","84,000","100,000",,
37,		LongTermDebtAndCapitalLeaseObligation,0,"178,125","200,000","556,249",,,,,,,,,
38,			LongTermDebt,0,"178,125","200,000","556,249",,,,,,,,,
39,		OtherNonCurrentLiabilities,,0,0,0,,,,,,,,,
40,TotalEquityGrossMinorityInterest,"-381,819","1,918,124","1,762,074","1,894,694","2,051,697","2,437,899","987,064","1,653,839","3,764,000","20,282,000","10,900,000",0,
41,	StockholdersEquity,"-381,819","1,918,124","1,762,074","1,894,694","2,051,697","2,437,899","987,064","1,653,839","3,764,000","20,282,000","10,900,000",,
42,		CapitalStock,"9,371","9,371","9,371","9,141","9,141","8,922","382,809","381,959","2,000","10,000",,,
43,			PreferredStock,"1,700","1,700","1,700","1,500","1,500","1,500","380,000","380,000",,,,,
44,			CommonStock,"7,671","7,671","7,671","7,641","7,641","7,422","2,809","1,959","2,000","10,000",,,
45,			OtherCapitalStock,0,0,0,0,0,0,0,0,0,,,,
46,		AdditionalPaidInCapital,"41,048,955","41,048,955","41,048,955","41,016,185","41,016,185","-37,879,922","38,220,679","38,009,029","38,008,000","37,878,000",,,
47,		RetainedEarnings,"-40,881,147","-38,581,204","-38,737,254","-38,571,634","-38,414,631","40,867,897","-37,057,426","-36,178,151","-33,734,000","-17,606,000","-7,300,000",,
48,		TreasuryStock,"558,998","558,998","558,998","558,998","558,998","558,998","558,998","558,998","512,000",,,,
49,		OtherEquityInterest,,,,,,,,,,,"18,200,000",,
50,TotalCapitalization,"-381,819","2,096,249","1,962,074","2,450,943","2,051,697","2,437,899","987,064","1,653,839","3,764,000","20,282,000","10,900,000",,
51,PreferredStockEquity,"1,700","1,700","1,700","1,500","1,500","1,500","380,000","380,000",,,,,
52,CommonStockEquity,"-383,519","1,916,424","1,760,374","1,893,194","2,050,197","2,436,399","607,064","1,273,839","3,764,000","20,282,000","10,900,000",,
53,NetTangibleAssets,"-381,819","1,918,124","1,762,074","1,894,694","2,051,697","2,437,899","987,064","1,653,839","3,764,000","7,145,000","10,900,000",,
54,WorkingCapital,"-506,620","-316,050","-601,306",218,"-607,171","-404,618","478,463","1,158,718","1,845,000","5,492,000","8,900,000","-300,000",
55,InvestedCapital,"138,032","2,652,674","2,516,623","2,649,443","2,500,197","2,636,399","607,064","1,273,839","3,835,000","20,356,000","10,900,000",,
56,TangibleBookValue,"-383,519","1,916,424","1,760,374","1,893,194","2,050,197","2,436,399","607,064","1,273,839","3,764,000","7,145,000","10,900,000",,
57,TotalDebt,"521,551","736,250","756,249","756,249","450,000","200,000",,,"71,000","74,000",,,
58,NetDebt,"285,149","337,989","717,989","584,511","282,777","181,590",,,,,,,
59,ShareIssued,"7,671,303","7,502,703","7,472,695","7,472,703","7,472,703","7,253,416","2,640,090","1,796,690","1,866,036","2,137,845","1,448,600","7,502,703",
60,OrdinarySharesNumber,"7,502,703","7,502,703","7,472,695","7,472,703","7,472,703","7,253,416","2,640,090","1,796,690","1,866,036","2,137,845","1,448,600","7,502,703",
61,PreferredSharesNumber,"1,700,000","1,700,000","1,700,000",,,,,,,,,,
62,TreasurySharesNumber,"168,600",,,,,,,,,,,,
0,TotalRevenue,"855,935","837,760","263,867","714,084","431,176","284,750","334,400","127,219","1,000","7,019,000","4,800,000","1,500,000","504,552"
1,	OperatingRevenue,"855,935","837,760","263,867","714,084","431,176","284,750","334,400","127,219","1,000","7,019,000","4,800,000","1,500,000","504,552"
2,CostOfRevenue,0,,,,,,,,"66,000","3,087,000","3,500,000","900,000",
3,GrossProfit,"855,935","837,760","263,867","714,084","431,176","284,750","334,400","127,219","67,000","3,932,000","1,300,000","600,000","504,552"
4,OperatingExpense,"676,159","625,173","372,551","818,251","955,500","988,494","725,333","1,334,344","2,443,000","9,114,000","10,200,000","2,400,000","593,446"
5,	SellingGeneralAndAdministration,"676,159","625,172","372,551","818,251","955,500","988,494","725,333","1,334,344","2,377,000","6,672,000","10,000,000","2,400,000","593,446"
6,		GeneralAndAdministrativeExpense,"676,159",,,,,,,,,,,,
7,	DepreciationAmortizationDepletionIncomeStatement,,,,,,,,,"66,000","2,442,000","200,000",,
8,		DepreciationAndAmortizationInIncomeStatement,,,,,,,,,"66,000","2,442,000","200,000",,
9,	OtherOperatingExpenses,,1,,,,,,,,,,,
10,OperatingIncome,"179,776","212,587","-108,684","-104,167","-524,324","-703,744","-390,933","-1,207,125","-2,376,000","-5,182,000","-8,900,000","-1,800,000","-88,894"
11,NetNonOperatingInterestIncomeExpense,"-46,289",,,,,,,,,,,,
12,	InterestExpenseNonOperating,"46,289",,,,,,,,,,,,
13,OtherIncomeExpense,"-2,433,431",,,,"16,077","-15,000","-453,888","-1,283,455","-1,503,000",,"600,000",,0
14,	SpecialIncomeCharges,"-2,433,431",,,,"16,077","-15,000","-453,888","-1,283,455","-1,503,000",,"600,000",,"-2,457,294"
15,		ImpairmentOfCapitalAssets,"2,457,294",,,,,,,,,,,,
16,		OtherSpecialCharges,"-23,863",,,,,,,,,,,,
17,PretaxIncome,,,,,,,,,,,,"-1,800,000",
18,TaxProvision,,,,,,,,,,,,"-700,000",
19,NetIncomeCommonStockholders,"-2,299,943","156,050","-165,621","-157,002","-534,709","-721,566","-879,275","-2,446,463","-16,128,000","-10,269,000","-7,900,000","-1,100,000","-2,591,652"
20,	NetIncome,"-2,299,943","156,050","-165,621","-157,002","-534,709","-721,566","-831,275","-2,405,663","-16,128,000","-10,269,000","-7,900,000","-1,100,000","-2,591,652"
21,		NetIncomeIncludingNoncontrollingInterests,"-2,299,943","156,050","-165,621","-157,002","-534,709","-721,566","-831,275","-2,405,663","-16,128,000","-10,751,000","-8,300,000","-1,100,000","-2,591,652"
22,			NetIncomeContinuousOperations,"-2,299,943","156,050","-165,621","-157,002","-534,709","-721,566","-831,275","-2,405,663","-3,627,000","-4,455,000","-7,900,000","-1,100,000","-2,591,652"
23,			NetIncomeDiscontinuousOperations,,,,,,,,,"-12,501,000","-5,379,000",,,
24,			NetIncomeFromTaxLossCarryforward,,,,,,,,,,"-435,000",,,
25,		MinorityInterests,,,,,,,,,,"482,000","400,000",,
26,	PreferredStockDividends,,,,,,,"48,000","40,800",,,,,
27,DilutedNIAvailtoComStockholders,"-2,299,943","156,050","-165,621","-157,002","-534,709","-721,566","-879,275","-2,446,463","-16,128,000","-10,269,000","-7,900,000","-1,100,000","-2,591,652"
28,BasicEPS,-0.31,0.02,-0.02,-0.02,-0.07,-0.15,-0.38,-1.36,-9.47,-6.35,-6.1,-1.35,
29,DilutedEPS,-0.31,0.02,-0.02,-0.02,-0.07,-0.15,-0.38,-1.36,-9.47,-6.35,-6.1,-1.35,
30,BasicAverageShares,"7,502,703","7,502,703","7,502,703","7,472,703","7,431,663","4,668,929","2,286,117","1,800,819","2,037,000","1,678,600","1,292,337","1,444,000",
31,DilutedAverageShares,"7,502,703","10,285,560","7,502,703","7,472,703","7,431,663","4,668,929","2,286,117","1,808,000","2,037,000","1,678,600","1,292,337","1,444,000",
32,TotalOperatingIncomeAsReported,,"212,587","-108,684","-104,167","-524,324","-703,744","-390,933","-1,207,125","-2,376,000","-5,182,000","-8,900,000","-1,800,000",
33,TotalExpenses,"676,159","625,173","372,551","818,251","955,500","988,494","725,333","1,334,344","2,377,000","12,201,000","13,700,000","3,300,000","593,446"
34,NetIncomeFromContinuingAndDiscontinuedOperation,"-2,299,943","156,050","-165,621","-157,002","-534,709","-721,566","-831,275","-2,405,663","-16,128,000","-9,834,000","-7,900,000","-1,100,000","-2,591,652"
35,NormalizedIncome,"133,488","156,050","-165,621","-157,002","-550,786","-706,566","-377,387","-1,122,208","-2,124,000","-4,455,000","-8,500,000","-1,100,000","-134,358"
36,InterestIncome,,,,8,38,"3,845","13,546","84,917","253,000",,,,
37,InterestExpense,"46,289","56,537","56,937","52,843","26,500","6,667",,,,,,,"45,465"
38,NetInterestIncome,"-46,289",,,,,,,,,,,,"-45,465"
39,EBIT,"179,776","212,587","-108,684","-104,167","-524,324","-703,744","-390,933","-1,207,125","-2,376,000","-5,182,000","-8,900,000","-1,800,000","-88,894"
40,EBITDA,,,,,,,,,,,,,"76,670"
41,ReconciledCostOfRevenue,0,,,,,,,,"66,000","3,087,000","3,500,000","900,000",
42,ReconciledDepreciation,"170,601","262,288","65,033","216,458","1,950","104,551","160,900","153,928","66,000","2,442,000","200,000",,"165,564"
43,NetIncomeFromContinuingOperationNetMinorityInterest,"-2,299,943","156,050","-165,621","-157,002","-534,709","-721,566","-831,275","-2,405,663","-3,627,000","-4,455,000","-7,900,000","-1,100,000","-2,591,652"
44,TotalUnusualItemsExcludingGoodwill,"-2,433,431",,,,"16,077","-15,000","-453,888","-1,283,455","-1,503,000",,"600,000",,"-2,457,294"
45,TotalUnusualItems,"-2,433,431",,,,"16,077","-15,000","-453,888","-1,283,455","-1,503,000",,"600,000",,"-2,457,294"
46,NormalizedEBITDA,"2,783,808","474,875","-43,651","112,291","-538,451","-584,193","223,855","230,258","-807,000","-2,740,000","-9,300,000","-1,800,000","2,533,964"
47,TaxRateForCalcs,0,0,0,0,0,0,0,0,0,0,0,0.389,0
48,TaxEffectOfUnusualItems,0,0,0,0,0,0,0,0,0,0,0,0,0
