name,ttm,03/31/2020,03/31/2019,03/31/2018,03/31/2017,03/31/2016,03/31/2015,03/31/2014,03/31/2013,03/31/2012,03/31/2011,03/31/2010,03/31/2009,03/31/2008
TotalRevenue,"189,165,000","511,529,000","486,011,000","675,256,000","447,616,000","336,054,000","299,662,000","255,374,611","228,821,945","196,599,258","124,721,387","83,560,206","68,551,701","38,330,925"
	OperatingRevenue,"173,874,000","475,184,000","457,983,000","607,354,000","432,768,000","329,885,000","294,837,000","251,023,910","225,018,169","196,599,258","124,721,387","82,407,384","67,847,860","38,280,778"
CostOfRevenue,"35,773,000","154,320,000","173,412,000","175,877,000","173,919,000","167,034,000","160,713,000","148,979,551","140,656,774","108,414,344","63,650,910","43,277,708","43,560,968","21,823,844"
GrossProfit,"153,392,000","357,209,000","312,599,000","499,379,000","273,697,000","169,020,000","138,949,000","106,395,060","88,165,171","88,184,914","61,070,477","40,282,498","24,990,733","16,507,081"
OperatingExpense,"280,171,000","515,140,000","465,592,000","715,518,000","393,871,000","233,300,000","153,388,000","122,965,665","106,156,849","84,108,108","56,925,079","46,266,786","35,370,831","32,793,854"
	SellingGeneralAndAdministration,"169,839,000","316,905,000","329,128,000","589,963,000","321,308,000","171,309,000","99,310,000","76,157,893","66,044,227","81,317,954","54,212,154","30,983,525","23,016,542","25,348,960"
		GeneralAndAdministrativeExpense,"131,837,000","150,302,000","137,048,000","138,145,000","96,884,000","62,343,000","56,586,000","48,273,037","46,354,212","64,333,098","41,723,248","21,308,797","14,283,922","13,133,286"
			SalariesAndWages,"111,371,000","129,836,000","113,567,000","114,157,000","73,736,000","49,018,000","44,318,000","37,220,798","34,520,455","26,520,745","14,399,040","16,562,034","9,679,770","8,459,204"
			RentAndLandingFees,,"0","6,581,000","7,701,000","3,831,000","2,949,000","2,816,000","2,857,370","2,624,313","2,079,183","1,394,969","1,244,798","1,314,937","1,403,016"
			OtherGandA,,"20,466,000","16,900,000","16,287,000","19,317,000","10,376,000","9,452,000","8,194,869","9,209,444","35,733,170","25,929,239","3,501,965","3,289,215","3,271,066"
		SellingAndMarketingExpense,"38,002,000","166,603,000","192,080,000","451,818,000","224,424,000","108,966,000","42,724,000","27,884,856","19,690,015","16,984,856","12,488,906","9,674,728","8,732,620","12,215,674"
	DepreciationAmortizationDepletionIncomeStatement,"33,719,000","33,682,000","26,817,000","29,838,000","14,535,000","8,756,000","7,955,000","5,692,145","3,752,743","2,790,154","1,910,637","1,569,747","1,558,687","1,107,546"
		DepreciationAndAmortizationInIncomeStatement,"33,719,000","33,682,000","26,817,000","29,838,000","14,535,000","8,756,000","7,955,000","5,692,145","3,752,743","2,790,154","1,910,637","1,569,747","1,558,687","1,107,546"
			DepreciationIncomeStatement,,"9,347,000","3,895,000","4,357,000","5,149,000","2,724,000","2,434,000","1,835,647",,"1,651,252","1,114,958","908,844","925,612","651,231"
			Amortization,,"24,335,000","22,922,000","25,481,000","9,386,000","6,032,000","5,521,000","3,856,498",,"1,138,902","795,679","660,903","633,075","456,315"
				AmortizationOfIntangiblesIncomeStatement,,"24,335,000","22,922,000","25,481,000","9,386,000","6,032,000","5,521,000","3,856,498",,"1,138,902","795,679","660,903","633,075","456,315"
	OtherOperatingExpenses,"76,613,000","164,553,000","109,647,000","95,717,000","58,028,000","53,235,000","46,123,000","41,115,627","36,359,879","54,868,655","802,288","13,713,514","10,795,602","6,337,348"
OperatingIncome,"-126,779,000","-157,931,000","-152,993,000","-216,139,000","-120,174,000","-64,280,000","-14,439,000","-16,570,605","-17,991,678","4,076,806","4,145,398","-5,984,288","-10,380,098","-16,286,773"
NetNonOperatingInterestIncomeExpense,"16,844,000","-1,383,000","5,729,000","4,278,000","-12,006,000","-3,743,000","2,336,000","638,930","1,703,712","1,068,453","-1,923,935","274,069","-246,746","-277,910"
	InterestIncomeNonOperating,"11,105,000","3,332,000","6,459,000","5,189,000","2,841,000","1,586,000","3,168,000","2,441,764","3,783,735","1,987,904","1,601,750","1,620,965","1,309,141","860,546"
	InterestExpenseNonOperating,"-7,566,000","2,888,000","299,000","422,000","8,574,000","3,838,000","242,000","148,836","136,622","919,451","3,525,685","1,346,896","1,555,887","1,138,456"
	TotalOtherFinanceCost,,"1,827,000","431,000","489,000","6,273,000","1,491,000","590,000","1,653,998","1,943,401",,,,,
OtherIncomeExpense,"-288,373,000","-288,232,000","-21,359,000","-8,288,000","22,070,000","-20,364,000","-6,120,000","-4,895,369","-2,702,091","-4,175,049","-83,493","-488,340","3,253,337","-2,335,158"
	GainOnSaleOfSecurity,,"-13,004,000","-9,783,000","-2,386,000","40,758,000","-13,518,000","-5,216,000","-2,899,573","-2,290,909","-2,323,658",,"-424,896","4,533,270","-2,292,156"
	EarningsFromEquityInterest,"-206,000","-65,000","-887,000","-1,998,000","-1,702,000","-1,860,000","-139,000","-171,487","-186,130",,,,,
	SpecialIncomeCharges,,"-273,742,000","-10,689,000","-3,904,000","-16,984,000","-4,490,000","-311,000","-741,347","-70,326","-1,851,391","-83,493","-63,444","-1,279,933","-43,002"
		ImpairmentOfCapitalAssets,,"272,160,000","0","3,230,000","15,167,000","2,167,000","0","-1,168,495",,"833,994",,,,
		WriteOff,,"1,563,000","10,742,000","604,000","1,771,000","1,943,000","210,000","1,990,362","0",,,"37,943","1,042,401","41,125"
		OtherSpecialCharges,,,,,,,,,,"1,017,397","2,930",,,
		GainOnSaleOfPPE,,"-19,000","53,000","-70,000","-46,000","-380,000","-101,000","80,520","-70,326",,"-80,563","-25,501","-237,532","-1,877"
	OtherNonOperatingIncomeExpenses,,"-1,421,000",,,"-2,000","-496,000","-454,000","-1,082,962","-154,726",,,,,
PretaxIncome,"-398,308,000","-447,546,000","-168,623,000","-220,149,000","-110,110,000","-88,387,000","-18,223,000","-20,827,044","-18,990,057","970,210","2,137,970","-6,198,559","-7,373,507","-18,899,841"
TaxProvision,"-454,000","-29,000","-740,000","91,000","193,000","155,000","135,000","78,520","8,599,023","-6,078,146","-2,691,721","8,428","-25,291","-4,476"
NetIncomeCommonStockholders,"-397,568,000","-447,781,000","-167,759,000","-218,412,000","-110,168,000","-88,518,000","-18,252,000","-20,934,330","-27,592,521","7,183,935","4,827,471","-5,333,774","-11,321,821","-16,040,137"
	NetIncome,"-397,568,000","-447,781,000","-167,759,000","-218,412,000","-110,168,000","-88,518,000","-18,252,000","-20,934,330","-27,592,521","7,183,935","4,827,471","-6,206,239","-7,346,033","-18,893,190"
		NetIncomeIncludingNoncontrollingInterests,"-397,854,000","-447,517,000","-167,883,000","-220,240,000","-110,303,000","-88,542,000","-18,358,000","-20,905,564","-27,589,080","7,048,356","4,829,691","-6,206,987","-7,348,216","-18,895,365"
			NetIncomeContinuousOperations,"-397,854,000","-447,517,000","-167,883,000","-220,240,000","-110,303,000","-88,542,000","-18,358,000","-20,905,564","-27,589,080","7,048,356","4,829,691","-6,206,987","-7,348,216","-18,895,365"
		MinorityInterests,"286,000","-264,000","124,000","1,828,000","135,000","24,000","106,000","-28,766","-3,441","135,579","-2,220","748","2,183","2,175"
	OtherunderPreferredStockDividend,,,,,,,,,,,,"-872,465","3,975,788","-2,853,053"
AverageDilutionEarnings,,,,,,,,,"0",,,,,
DilutedNIAvailtoComStockholders,"-397,568,000","-447,781,000","-167,759,000","-218,412,000","-110,168,000","-88,518,000","-18,252,000","-20,934,330","-27,592,521","7,183,935","4,827,471","-5,333,774","-11,321,821","-16,040,137"
BasicEPS,,"-4.26","-1.61","-2.18","-2.09","-2.12","-0.44","-0.55","-0.74","0.2","0.17","-0.18","-0.38","-0.595"
DilutedEPS,,"-4.26","-1.61","-2.18","-2.09","-2.12","-0.44","-0.55","-0.74","0.19","0.15","-0.18","-0.38","-0.595"
BasicAverageShares,,"105,190,507","103,989,421","100,394,080","52,607,986","41,714,518","41,808,897","37,832,246","37,315,434","36,682,240","28,320,901","29,845,580","29,761,580","26,980,680"
DilutedAverageShares,,"105,190,507","103,989,421","100,394,080","52,607,986","41,714,518","41,808,897","37,832,246","37,315,434","38,234,070","34,950,246","29,845,580","29,761,580","26,980,680"
TotalOperatingIncomeAsReported,"-398,258,000","-429,410,000","-152,940,000","-219,439,000","-135,387,000","-66,827,000","-14,540,000","-15,321,590","-18,062,004","4,005,360","4,061,905","-6,009,789","-10,617,630","-16,288,650"
RentExpenseSupplemental,,"0","6,581,000","7,701,000","3,831,000","2,949,000","2,816,000","2,857,370","2,624,313","2,079,183","1,394,969","1,244,798","1,314,937","1,403,016"
TotalExpenses,"315,944,000","669,460,000","639,004,000","891,395,000","567,790,000","400,334,000","314,101,000","271,945,216","246,813,623","192,522,452","120,575,989","89,544,494","78,931,799","54,617,698"
NetIncomeFromContinuingAndDiscontinuedOperation,"-397,568,000","-447,781,000","-167,759,000","-218,412,000","-110,168,000","-88,518,000","-18,252,000","-20,934,330","-27,592,521","7,183,935","4,827,471","-6,206,239","-7,346,033","-18,893,190"
NormalizedIncome,"-397,568,000","-161,053,580.512","-147,376,841.125","-214,323,500","-126,809,800","-76,742,568.8","-14,637,894.7","-18,385,686","-25,939,656.5","10,106,469.3","4,885,916.1","-5,864,401","-10,588,211.111","-16,558,585.029"
InterestIncome,"11,105,000","3,332,000","6,459,000","5,189,000","2,841,000","1,586,000","3,168,000","2,441,764","3,783,735","1,987,904","1,601,750","1,620,965","1,309,141","860,546"
InterestExpense,"-7,566,000","2,888,000","299,000","422,000","8,574,000","3,838,000","242,000","148,836","136,622","919,451","3,525,685","1,346,896","1,555,887","1,138,456"
NetInterestIncome,"16,844,000","-1,383,000","5,729,000","4,278,000","-12,006,000","-3,743,000","2,336,000","638,930","1,703,712","1,068,453","-1,923,935","274,069","-246,746","-277,910"
EBIT,"-405,874,000","-444,658,000","-168,324,000","-219,727,000","-101,536,000","-84,549,000","-17,981,000","-20,678,208","-18,853,435","1,889,661","5,663,655","-4,851,663","-5,817,620","-17,761,385"
EBITDA,"-372,155,000"
ReconciledCostOfRevenue,"35,773,000","154,320,000","173,412,000","175,877,000","173,919,000","167,034,000","160,713,000","148,979,551","140,656,774","108,414,344","63,650,910","43,277,708","43,560,968","21,823,844"
ReconciledDepreciation,"33,719,000","33,682,000","26,817,000","29,838,000","14,535,000","8,756,000","7,955,000","5,692,145","3,752,743","2,790,154","1,910,637","1,569,747","1,558,687","1,107,546"
NetIncomeFromContinuingOperationNetMinorityInterest,"-397,568,000","-447,781,000","-167,759,000","-218,412,000","-110,168,000","-88,518,000","-18,252,000","-20,934,330","-27,592,521","7,183,935","4,827,471","-6,206,239","-7,346,033","-18,893,190"
TotalUnusualItemsExcludingGoodwill,,"-286,746,000","-20,472,000","-6,290,000","23,774,000","-18,008,000","-5,527,000","-3,640,920","-2,361,235","-4,175,049","-83,493","-488,340","3,253,337","-2,335,158"
TotalUnusualItems,,"-286,746,000","-20,472,000","-6,290,000","23,774,000","-18,008,000","-5,527,000","-3,640,920","-2,361,235","-4,175,049","-83,493","-488,340","3,253,337","-2,335,158"
NormalizedEBITDA,"-372,155,000","-124,230,000","-121,035,000","-183,599,000","-110,775,000","-57,785,000","-4,499,000","-11,345,143","-12,739,457","8,854,864","7,657,785","-2,793,576","-7,512,270","-14,318,681"
TaxRateForCalcs,"0.001","0","0.004","0.35","0.3","0.346","0.346","0.3","0.3","0.3","0.3","0.3","0.003","0"
TaxEffectOfUnusualItems,"0","-18,580.512","-89,841.125","-2,201,500","7,132,200","-6,232,568.8","-1,912,894.7","-1,092,276","-708,370.5","-1,252,514.7","-25,047.9","-146,502","11,158.889","-553.029"