name,12/31/2020,12/31/2019,12/31/2018,12/31/2017,12/31/2016,12/31/2015,12/31/2014,12/31/2013,12/31/2012,06/30/2011,06/30/2010,06/30/2009,06/30/2008,06/30/2007,06/30/2006,06/30/2005,06/30/2004,06/30/2003,06/30/2002,06/30/2001,06/30/2000,06/30/1999,06/30/1998,06/30/1997,06/30/1996,06/30/1995,06/30/1994,06/30/1993,06/30/1992,06/30/1991,06/30/1990,06/30/1989,06/30/1988,
TotalRevenue,"395,521,000","362,745,000","376,089,000","347,448,000","318,263,000","327,604,000","313,403,000","323,264,000","334,335,000","247,915,000","201,971,000","275,976,000","392,893,000","367,994,000","322,477,000","275,177,000","270,673,000","192,372,000","214,528,000","229,241,000","231,880,000","216,100,000","223,300,000","224,700,000","194,600,000","180,300,000","186,000,000","163,400,000","227,000,000","194,100,000","184,000,000","191,800,000","124,900,000",
"	OperatingRevenue","395,521,000","362,745,000","376,089,000","358,132,000","328,081,000","345,887,000","338,352,000","334,070,000","338,232,000","247,915,000","201,971,000","275,976,000","392,893,000","367,994,000","322,477,000","275,177,000","270,673,000","192,372,000","214,528,000","229,241,000","231,880,000","216,100,000","223,300,000","224,700,000","194,600,000","180,300,000","186,000,000","163,400,000","227,000,000","194,100,000","184,000,000","191,800,000","124,900,000",
"	ExciseTaxes",,,,"10,684,000","9,818,000","18,283,000","24,949,000","10,806,000","3,897,000",,,,,,,,,,,,,,,,,,,,,,,,,
CostOfRevenue,"296,715,000","286,213,000","292,490,000","271,432,000","252,980,000","269,071,000","284,972,000","302,025,000","309,312,000","225,038,000","171,427,000","310,078,000","388,662,000","321,941,000","277,264,000","249,936,000","245,766,000","202,112,000","193,325,000","212,058,000","197,463,000","187,000,000","200,600,000","199,700,000","176,300,000","150,400,000","141,100,000","124,400,000","185,500,000","158,700,000","154,200,000","156,700,000","93,500,000",
GrossProfit,"98,806,000","76,532,000","83,599,000","76,016,000","65,283,000","58,533,000","28,431,000","21,239,000","25,023,000","22,877,000","30,544,000","-34,102,000","4,231,000","46,053,000","45,213,000","25,241,000","24,907,000","-9,740,000","21,203,000","17,183,000","34,417,000","29,100,000","22,700,000","25,000,000","18,300,000","29,900,000","44,900,000","39,000,000","41,500,000","35,400,000","29,800,000","35,100,000","31,400,000",
OperatingExpense,"44,565,000","29,290,000","33,451,000","33,107,000","23,308,000","25,683,000","20,102,000","26,438,000","25,967,000","21,983,000","23,289,000","26,095,000","33,881,000","18,893,000","22,843,000","18,611,000","9,619,000","-3,786,000","9,824,000","13,545,000","25,624,000","25,500,000","25,300,000","23,200,000","22,900,000","19,300,000","19,400,000","16,900,000","21,400,000","18,400,000","17,000,000","16,100,000","15,000,000",
"	SellingGeneralAndAdministration","44,565,000","29,290,000","33,451,000","33,107,000","26,693,000","25,683,000","20,101,000","26,202,000","26,536,000","21,157,000","20,708,000","21,401,000","24,235,000","20,319,000","23,811,000","19,318,000","20,339,000","13,617,000","14,689,000","13,545,000","12,109,000","11,900,000","11,400,000","9,200,000","9,000,000","10,600,000","12,200,000","10,700,000","14,200,000","11,900,000","10,300,000","10,000,000","9,600,000",
"		GeneralAndAdministrativeExpense",,,,,,,,,,0,,,,,,,,,,,,,,,,,,,,,,,,
"	DepreciationAmortizationDepletionIncomeStatement",,,,,,,,,,,,,,,,,,,,,"13,515,000","13,600,000","13,900,000","14,000,000","13,900,000","8,700,000","7,200,000","6,200,000","7,200,000","6,500,000","6,700,000","6,100,000","5,400,000",
"		DepreciationAndAmortizationInIncomeStatement",,,,,,,,,,,,,,,,,,,,,"13,515,000","13,600,000","13,900,000","14,000,000","13,900,000","8,700,000","7,200,000","6,200,000","7,200,000","6,500,000","6,700,000","6,100,000","5,400,000",
"	OtherOperatingExpenses",,,,,"-3,385,000",,"1,000","236,000","-569,000","826,000","2,581,000","4,694,000","9,646,000","-1,426,000","-968,000","-707,000","-10,720,000","-17,403,000","-4,865,000",,,,,,,,,,,,,,,
OperatingIncome,"54,241,000","47,242,000","50,148,000","42,909,000","41,975,000","32,850,000","8,329,000","-5,199,000","-944,000","894,000","7,255,000","-60,197,000","-29,650,000","27,160,000","22,370,000","6,630,000","15,288,000","-5,954,000","11,379,000","3,638,000","8,793,000","3,600,000","-2,600,000","1,800,000","-4,600,000","10,600,000","25,500,000","22,100,000","20,100,000","17,000,000","12,800,000","19,000,000","16,400,000",
NetNonOperatingInterestIncomeExpense,"-1,640,000","-1,305,000","-1,168,000","-1,184,000","-1,294,000","-534,000","-816,000","-1,118,000","-870,000","-358,000","-1,757,000","-2,901,000",,,,,,,,,,,,,,,,,,,,,,
"	InterestExpenseNonOperating","1,640,000","1,305,000","1,168,000","1,184,000","1,294,000","534,000","816,000","1,118,000","870,000","358,000","1,757,000","2,901,000",,,,,,,,,,,,,,,,,,,,,,
"	TotalOtherFinanceCost",,"1,305,000","1,168,000","1,184,000","1,294,000","534,000","816,000",,,,,,,,,,,,,,,,,,,,,,,,,,,
OtherIncomeExpense,,,,"11,033,000","4,036,000","6,102,000","18,427,000","-204,000","3,756,000","-1,781,000","-1,528,000","-18,813,000","-2,099,000","2,916,000","1,105,000","1,597,000","12,170,000","33,104,000","5,091,000","2,106,000","758,000","400,000","700,000","1,000,000","1,500,000","-4,200,000","200,000","1,000,000","1,200,000","500,000","600,000","1,600,000","800,000",
"	GainOnSaleOfSecurity",,,,"11,381,000",,,,,,,,,,,,,,,,,,,,,,,,,,,,,,
"	EarningsFromEquityInterest",,0,0,"-348,000","4,036,000","6,102,000","10,137,000","-204,000","-301,000","-1,540,000","-2,173,000","-114,000","-14,000",,,,,,,,,,,,,,,,,,,,,
"	SpecialIncomeCharges",,0,0,"11,381,000",0,,"8,290,000",0,"4,055,000","-241,000","645,000","-18,699,000","-2,085,000","2,916,000","1,105,000","1,597,000","12,170,000","33,104,000","5,091,000","2,106,000","758,000","400,000","700,000","1,000,000","1,500,000","-4,200,000","200,000","1,000,000","1,200,000","500,000","600,000","1,600,000","800,000",
"		RestructuringAndMergernAcquisition",,,,,,,,,,"249,000",0,"5,241,000",,,,,,,,,,,,,,,,,,,,,,
"		ImpairmentOfCapitalAssets",,,,,,,,,0,0,0,"10,282,000",,,,,,,,,,,,,,,,,,,,,,
"		WriteOff",,,,,,,,,,,,0,,,,,,,,,,,,,,,,,,,,,,
"		OtherSpecialCharges",,,,"-11,381,000",,,"-8,290,000","236,000","-571,000","-8,000","-645,000","3,176,000",,,,,,,,,,,,,,,,,,,,,,
"		GainOnSaleOfBusiness",,0,0,"11,381,000",,,,0,"4,055,000",,,,,,,,,,,,,,,,,,,,,,,,,
"		GainOnSaleOfPPE",,,,,,,,"-236,000","569,000",,,,,,,,,,,,,,,,,,,,,,,,,
"	OtherNonOperatingIncomeExpenses",,,,,"3,385,000",,"-1,000","-236,000","2,000",,,,,,,,,,,,,,,,,,,,,,,,,
PretaxIncome,"52,601,000","45,937,000","48,980,000","52,758,000","44,717,000","38,418,000","25,940,000","-6,521,000","1,942,000","-1,245,000","3,970,000","-81,911,000","-23,593,000","27,686,000","21,025,000","6,127,000","15,650,000","8,521,000","10,368,000","4,397,000","8,082,000","2,100,000","-3,700,000","200,000","-5,600,000","5,600,000","25,600,000","22,900,000","21,300,000","17,400,000","13,100,000","20,500,000","15,900,000",
TaxProvision,"12,256,000","7,144,000","11,696,000","10,935,000","13,533,000","12,227,000","2,265,000","-714,000","318,000","68,000","-4,768,000","-12,788,000","-11,851,000","9,988,000","7,030,000","2,123,000","6,182,000","3,367,000","4,109,000","1,737,000","3,192,000","800,000","-1,500,000","100,000","-2,200,000","2,300,000","9,700,000","8,300,000","7,800,000","6,300,000","4,700,000","7,400,000","5,800,000",
NetIncomeCommonStockholders,"40,084,000","38,540,000","36,576,000","40,827,000","30,230,000","25,318,000","23,675,000","-4,929,000","1,624,000","-1,313,000","8,738,000","-69,123,000","-11,742,000","17,698,000","13,995,000","4,004,000","9,468,000","5,154,000","6,259,000","2,660,000","4,890,000","1,300,000","-2,200,000","100,000","-3,400,000","3,300,000","15,900,000","16,200,000","13,500,000","11,100,000","8,400,000","13,100,000","10,100,000",
"	NetIncome","40,345,000","38,793,000","37,284,000","41,823,000","31,184,000","26,191,000","23,675,000","-4,929,000","1,624,000","-1,313,000","8,738,000","-69,123,000","-11,742,000","17,698,000","13,995,000","4,004,000","9,468,000","5,154,000","6,259,000","2,660,000","4,890,000","1,300,000","-2,200,000","100,000","-3,400,000","3,300,000","15,900,000","16,200,000","13,500,000","11,100,000","8,400,000","13,100,000","10,100,000",
"		NetIncomeIncludingNoncontrollingInterests","40,345,000","38,793,000","37,284,000","41,823,000","31,184,000","26,191,000","23,675,000","-4,929,000","1,624,000","-1,313,000","8,738,000","-69,123,000","-11,742,000","17,698,000","13,995,000","4,004,000","9,468,000","5,154,000","6,259,000","2,660,000","4,890,000","1,300,000","-2,200,000","100,000","-3,400,000","3,300,000","15,900,000","16,200,000","13,500,000","11,100,000","8,400,000","13,100,000","10,100,000",
"			NetIncomeContinuousOperations","40,345,000","38,793,000","37,284,000","41,823,000","31,184,000","26,191,000","23,675,000","-5,807,000","1,624,000","-1,313,000","8,738,000","-69,123,000","-11,742,000","17,698,000","13,995,000","4,004,000","9,468,000","5,154,000","6,259,000","2,660,000","4,890,000","1,300,000","-2,200,000","100,000","-3,400,000","3,300,000","15,900,000","14,600,000","13,500,000","11,100,000","8,400,000","13,100,000","10,100,000",
"			NetIncomeDiscontinuousOperations",,,,,,,0,"878,000",,,,,,,,,,,,,,,,,,,,"1,700,000",,,,,,
"			NetIncomeExtraordinary",,,,,,,,,,,,,,,,,,,,,,,,,,,,"-100,000",,,,,,
"	OtherunderPreferredStockDividend","261,000","253,000","708,000","996,000","954,000","873,000",,,,,,,,,,,,,,,,,,,,,,,,,,,,
DilutedNIAvailtoComStockholders,"40,084,000","38,540,000","36,576,000","40,827,000","30,230,000","25,318,000","23,675,000","-4,929,000","1,624,000","-1,313,000","8,738,000","-69,123,000","-11,742,000","17,698,000","13,995,000","4,004,000","9,468,000","5,154,000","6,259,000","2,660,000","4,890,000","1,300,000","-2,200,000","100,000","-3,400,000","3,300,000","15,900,000","16,200,000","13,500,000","11,100,000","8,400,000","13,100,000","10,100,000",
BasicEPS,2.37,2.27,2.17,2.44,1.82,1.48,1.32,-0.29,0.09,-0.07,0.52,-4.17,-0.71,1.08,0.87,0.25,0.61,0.325,0.385,0.16,0.27,0.065,-0.115,0.005,-0.175,0.17,0.81,0.83,0.69,0.57,0.425,0.695,0.575,
DilutedEPS,2.37,2.27,2.17,2.44,1.82,1.48,1.32,-0.29,0.09,-0.07,0.51,-4.17,-0.71,1.05,0.83,0.24,0.59,0.325,0.385,0.16,0.27,0.065,-0.115,0.005,-0.175,0.17,0.81,0.83,0.69,0.57,0.425,0.695,0.575,
BasicAverageShares,"16,937,125","17,012,288","16,866,176","16,746,731","16,643,811","17,123,556","17,305,866","17,069,455","16,951,168","16,726,000","16,655,203","16,585,000","16,538,028","16,387,037","16,086,207","16,016,000","15,521,311","15,858,462","16,257,143","16,625,000","18,111,111","20,000,000","19,130,435","20,000,000","19,428,571","19,411,765","19,629,630","19,518,072","19,565,217","19,473,684","19,764,706","18,848,921","17,565,217",
DilutedAverageShares,"16,937,125","17,012,288","16,866,176","16,746,731","16,643,811","17,123,556","17,305,866","17,069,455","16,951,168","16,726,000","17,082,123","16,585,000","16,774,286","16,855,238","16,861,446","16,683,333","16,047,458","16,113,580","16,297,143","16,625,000","20,000,000","20,000,000","20,000,000","22,500,000","19,428,571","19,629,630","19,629,630","19,518,072","19,565,217","19,473,684","19,764,706","18,848,921","17,565,217",
TotalOperatingIncomeAsReported,"54,241,000","47,242,000","50,148,000","42,909,000","41,975,000","32,850,000","16,619,000","-5,199,000","-944,000","645,000","7,255,000","-79,008,000","-29,650,000","27,160,000","22,370,000","6,630,000","15,288,000","-5,954,000","11,379,000","3,638,000","8,793,000","3,600,000","-2,600,000","1,800,000","-4,600,000","10,600,000","25,500,000","22,100,000","20,100,000","17,000,000","12,800,000","19,000,000","16,400,000",
TotalExpenses,"341,280,000","315,503,000","325,941,000","304,539,000","276,288,000","294,754,000","305,074,000","328,463,000","335,279,000","247,021,000","194,716,000","336,173,000","422,543,000","340,834,000","300,107,000","268,547,000","255,385,000","198,326,000","203,149,000","225,603,000","223,087,000","212,500,000","225,900,000","222,900,000","199,200,000","169,700,000","160,500,000","141,300,000","206,900,000","177,100,000","171,200,000","172,800,000","108,500,000",
NetIncomeFromContinuingAndDiscontinuedOperation,"40,345,000","38,793,000","37,284,000","41,823,000","31,184,000","26,191,000","23,675,000","-4,929,000","1,624,000","-1,313,000","8,738,000","-69,123,000","-11,742,000","17,698,000","13,995,000","4,004,000","9,468,000","5,154,000","6,259,000","2,660,000","4,890,000","1,300,000","-2,200,000","100,000","-3,400,000","3,300,000","15,900,000","16,300,000","13,500,000","11,100,000","8,400,000","13,100,000","10,100,000",
NormalizedIncome,"40,345,000","38,793,000","37,284,000","32,797,867","31,184,000","26,191,000","16,106,230","-5,807,000","-1,765,980","-1,156,350","8,318,750","-53,343,300.36","-10,386,750","15,833,976.02","13,259,472.06","2,960,359.07","2,105,344.41","-14,869,238.59","3,185,642.65","1,385,958.61","4,431,373.42","1,052,380.95","-2,620,000","-500,000","-4,310,714.29","5,820,000","15,775,781.25","13,962,445.42","12,739,436.62","10,781,034.48","8,015,267.18","12,077,560.98","9,591,823.90",
InterestExpense,"1,640,000","1,305,000","1,168,000","1,184,000","1,294,000","534,000","816,000","1,118,000","870,000","358,000","1,757,000","2,901,000","1,490,000","964,000","1,482,000","1,393,000","1,088,000",,"1,237,000","1,347,000",,,,"2,600,000","2,600,000","600,000","100,000","100,000","100,000","100,000","500,000",,"1,400,000",
NetInterestIncome,"-1,640,000","-1,305,000","-1,168,000","-1,184,000","-1,294,000","-534,000","-816,000","-1,118,000","-870,000","-358,000","-1,757,000","-2,901,000","-1,490,000","-964,000","-1,482,000","-1,393,000","-1,088,000",,"-1,237,000","-1,347,000",,,,"-2,600,000","-2,600,000","-600,000","-100,000","-100,000","-100,000","-100,000","-500,000",,"-1,400,000",
EBIT,"54,241,000","47,242,000","50,148,000","53,942,000","46,011,000","38,952,000","26,756,000","-5,403,000","2,812,000","-887,000","5,727,000","-79,010,000","-29,650,000","27,160,000","22,370,000","6,630,000","15,288,000","-5,954,000","11,379,000","3,638,000","8,793,000","3,600,000","-2,600,000","1,800,000","-4,600,000","10,600,000","25,500,000","22,100,000","20,100,000","17,000,000","12,800,000","19,000,000","16,400,000",
EBITDA,,,,,,,,,,,,,,,,,,,,,,,,,,,,,,,,,,
ReconciledCostOfRevenue,"296,715,000","286,213,000","292,490,000","271,432,000","252,980,000","269,071,000","284,972,000","302,025,000","309,312,000","225,038,000","171,427,000","310,078,000","388,662,000","321,941,000","277,264,000","249,936,000","245,766,000","202,112,000","193,325,000","212,058,000","197,463,000","187,000,000","200,600,000","199,700,000","176,300,000","150,400,000","141,100,000","124,400,000","185,500,000","158,700,000","154,200,000","156,700,000","93,500,000",
ReconciledDepreciation,"12,961,000","11,572,000","11,362,000","11,308,000","11,253,000","12,382,000","12,325,000","12,009,000","11,568,000","8,843,000","8,631,000","11,946,000","15,172,000","14,467,000","12,655,000","16,008,000","15,197,000","14,354,000","14,308,000","13,627,000","13,515,000","13,600,000","13,900,000","14,000,000","13,900,000","8,700,000","7,200,000","6,200,000","7,200,000","6,500,000","6,700,000","6,100,000","5,400,000",
NetIncomeFromContinuingOperationNetMinorityInterest,"40,345,000","38,793,000","37,284,000","41,823,000","31,184,000","26,191,000","23,675,000","-5,807,000","1,624,000","-1,313,000","8,738,000","-69,123,000","-11,742,000","17,698,000","13,995,000","4,004,000","9,468,000","5,154,000","6,259,000","2,660,000","4,890,000","1,300,000","-2,200,000","100,000","-3,400,000","3,300,000","15,900,000","14,600,000","13,500,000","11,100,000","8,400,000","13,100,000","10,100,000",
TotalUnusualItemsExcludingGoodwill,,0,0,"11,381,000",0,0,"8,290,000",0,"4,055,000","-241,000","645,000","-18,699,000","-2,085,000","2,916,000","1,105,000","1,597,000","12,170,000","33,104,000","5,091,000","2,106,000","758,000","400,000","700,000","1,000,000","1,500,000","-4,200,000","200,000","1,000,000","1,200,000","500,000","600,000","1,600,000","800,000",
TotalUnusualItems,,0,0,"11,381,000",0,0,"8,290,000",0,"4,055,000","-241,000","645,000","-18,699,000","-2,085,000","2,916,000","1,105,000","1,597,000","12,170,000","33,104,000","5,091,000","2,106,000","758,000","400,000","700,000","1,000,000","1,500,000","-4,200,000","200,000","1,000,000","1,200,000","500,000","600,000","1,600,000","800,000",
NormalizedEBITDA,"67,202,000","58,814,000","61,510,000","53,869,000","57,264,000","51,334,000","30,791,000","6,606,000","10,325,000","8,197,000","13,713,000","-48,365,000","-12,393,000","38,711,000","33,920,000","21,041,000","18,315,000","-24,704,000","20,596,000","15,159,000","21,550,000","16,800,000","10,600,000","14,800,000","7,800,000","23,500,000","32,500,000","27,300,000","26,100,000","23,000,000","18,900,000","23,500,000","21,000,000",
TaxRateForCalcs,0.233,0.156,0.239,0.207,0.303,0.318,0.087,0.11,0.164,0.35,0.35,0.156,0.35,0.361,0.334,0.346,0.395,0.395,0.396,0.395,0.395,0.381,0.4,0.4,0.393,0.4,0.379,0.362,0.366,0.362,0.359,0.361,0.365,
TaxEffectOfUnusualItems,0,0,0,"2,355,867",0,0,"721,230",0,"665,020","-84,350","225,750","-2,919,300.36","-729,750","1,051,976.02","369,472.06","553,359.07","4,807,344.41","13,080,761.41","2,017,642.65","831,958.61","299,373.42","152,380.95","280,000","400,000","589,285.71","-1,680,000","75,781.25","362,445.42","439,436.62","181,034.48","215,267.18","577,560.98","291,823.90",
ROA,0.110059333,0.120252203,0.13416723,0.174024666,0.138388895,0.134789769,0.147416858,-0.032571417,0.009952749,-0.00776202,0.065389019,-0.570618391,-0.080905658,0.078333304,0.062393002,0.019571423,0.049963061,0.027556045,0.036152024,0.01600308,0.028030954,0.008345156,-0.013977128,0.000617284,-0.020568663,0.019097222,0.089983022,0.096371208,0.106550908,0.092269327,0.07657247,0.128054741,0.096558317,
,,,,,,,,,,,,,,,,,,,,,,,,,,,,,,,,,,
TotalAssets,"366,575,000","322,597,000","277,892,000","240,328,000","225,336,000","194,310,000","160,599,000","151,329,000","163,171,000","169,157,000","133,631,000","121,137,000","145,132,000","225,932,000","224,304,000","204,584,000","189,500,000","187,037,000","173,130,000","166,218,000","174,450,000","155,779,000","157,400,000","162,000,000","165,300,000","172,800,000","176,700,000","168,100,000","126,700,000","120,300,000","109,700,000","102,300,000","104,600,000","92,700,000"
"	CurrentAssets","222,283,000","184,206,000","154,623,000","134,742,000","110,901,000","91,180,000","82,245,000","71,886,000","78,091,000","78,058,000","57,361,000","48,633,000","80,787,000","116,080,000","91,289,000","82,538,000","73,646,000","76,424,000","69,625,000","74,981,000","82,168,000","62,921,000","59,400,000","56,000,000","50,200,000","47,200,000","41,400,000","40,100,000","54,400,000","55,100,000","51,300,000","44,000,000","45,900,000","36,600,000"
"		CashCashEquivalentsAndShortTermInvestments","21,662,000","3,309,000","5,025,000","3,084,000","1,569,000","747,000","5,641,000","2,857,000",0,"384,000","8,198,000","7,102,000","1,158,000",,"7,236,000","16,786,000","10,384,000","6,488,000","17,539,000","28,736,000","33,454,000","7,728,000","4,100,000","4,700,000","6,000,000","3,800,000","500,000","3,800,000","20,100,000","12,200,000","9,900,000","9,700,000","9,200,000","3,800,000"
"			CashAndCashEquivalents","21,662,000","3,309,000","5,025,000","3,084,000","1,569,000","747,000","5,641,000","2,857,000",0,"384,000","8,198,000","7,102,000","1,158,000",,"7,236,000","16,786,000","10,384,000","6,488,000","17,539,000","28,736,000","33,454,000","7,728,000","4,100,000","4,700,000","6,000,000","3,800,000","500,000","3,800,000","20,100,000","12,200,000","9,900,000","9,700,000","9,200,000","3,800,000"
"				CashFinancial","21,662,000",,,,,,,,,,,,,,,,,,,,,,,,,,,,,,,,,
"			OtherShortTermInvestments",,,,,,,,,0,0,,,,,,,,,,,,,,,,,,,,,,,,
"		Receivables","56,966,000","41,918,000","39,509,000","36,327,000","28,790,000","30,670,000","33,060,000","28,287,000","35,567,000","28,370,000","28,369,000","18,252,000","24,448,000","42,657,000","34,662,000","32,197,000","28,097,000","34,243,000","20,466,000","24,071,000","26,109,000","30,272,000","26,700,000","26,400,000","26,300,000","18,400,000","22,400,000","21,600,000","22,300,000","28,100,000","25,800,000","21,400,000","23,100,000","20,100,000"
"			AccountsReceivable","56,966,000","40,931,000","38,797,000","34,347,000","26,085,000","30,670,000","32,672,000","27,821,000","35,325,000","27,804,000","27,844,000","17,674,000","18,403,000","34,087,000","34,298,000","32,197,000","28,097,000","34,243,000","20,466,000","24,071,000","26,109,000",,,,,,,,,,,,,
"				GrossAccountsReceivable","56,990,000",,"38,821,000","34,371,000","26,109,000","30,694,000","32,684,000","27,839,000","35,337,000","27,867,000","27,962,000",,,,,,,,,,,,,,,,,,,,,,,
"				AllowanceForDoubtfulAccountsReceivable","-24,000",,"-24,000","-24,000","-24,000","-24,000","-12,000","-18,000","-12,000","-63,000","-118,000",,,,,,,,,,,,,,,,,,,,,,,
"			TaxesReceivable",0,"987,000","712,000","1,980,000","2,705,000",,"388,000","466,000","242,000","566,000","525,000","578,000","6,045,000",,,,,,,,,,,,,,,,,,,,,
"			OtherReceivables",,,,"34,347,000","26,085,000",,"32,684,000","27,839,000",0,,0,"17,674,000","18,403,000","8,570,000","364,000",0,0,0,,0,0,,,,,,,,,,,,,
"			ReceivablesAdjustmentsAllowances",,,,"-24,000","-24,000","-24,000","-12,000","-18,000",,,,,,,,,,,,,,,,,,,,,,,,,,
"		Inventory","141,011,000","136,931,000","108,769,000","93,149,000","78,858,000","58,701,000","34,441,000","34,917,000","36,532,000","31,082,000","14,825,000","14,524,000","20,400,000","63,620,000","42,595,000","30,467,000","31,252,000","32,775,000","26,956,000","20,755,000","18,230,000","19,246,000","24,500,000","20,400,000","15,000,000","19,900,000","14,700,000","13,200,000","10,900,000","13,500,000","14,400,000","11,800,000","12,500,000","11,700,000"
"			RawMaterials","15,588,000","13,120,000","12,447,000","11,210,000","10,505,000","12,046,000","10,353,000","9,949,000","10,075,000","8,820,000","5,368,000","4,687,000","7,047,000","16,211,000",,,,,,,,,,,,,,,,,,,,
"			WorkInProcess","1,805,000","1,766,000","1,550,000","1,935,000","1,933,000","2,364,000","2,023,000","2,737,000","2,571,000","3,529,000","1,626,000","535,000",,,,,,,,,,,,,,,,,,,,,,
"			FinishedGoods","16,414,000","16,654,000","17,296,000","13,284,000","14,002,000","15,126,000","10,039,000","11,355,000","14,272,000","15,728,000","8,407,000","7,528,000","9,977,000","33,185,000",,,,,,,,,,,,,,,,,,,,
"			OtherInventories","107,204,000","105,391,000","77,476,000","66,720,000","52,418,000","29,165,000","12,026,000","10,876,000","9,614,000","3,005,000","-576,000","1,774,000","3,376,000","14,224,000",,,,,,,,,,,,,,,,,,,,
"		PrepaidAssets","2,644,000","2,048,000","1,320,000","2,182,000","1,684,000","1,062,000","1,179,000","848,000","697,000","957,000","1,201,000","1,517,000","980,000","362,000","1,037,000","1,098,000","628,000","828,000","1,578,000","550,000","1,625,000",,,,,,,,,,,,,
"		RestrictedCash",,,,,,,,0,"12,000","7,605,000","1,028,000","971,000","203,000","3,000",,,,,,,,,,,,,,,,,,,,
"		CurrentDeferredAssets",,,,,,,"7,924,000","4,977,000","5,283,000","6,056,000","3,740,000","6,267,000","1,218,000","3,258,000","5,759,000","1,990,000","663,000","2,090,000",,"284,000","2,451,000",,,,,,,,,,,,,
"			CurrentDeferredTaxesAssets",,,,,,,"7,924,000","4,977,000","5,283,000","6,056,000","3,740,000","6,267,000","1,218,000","3,258,000","5,759,000","1,990,000","663,000","2,090,000",,"284,000","2,451,000",,,,,,,,,,,,,
"		AssetsHeldForSaleCurrent",,,,,,,,,0,"2,300,000",,,,,,,,,,,,,,,,,,,,,,,,
"		HedgingAssetsCurrent",,,,,,,,,0,"1,304,000",,,,,,,,,,,,,,,,,,,,,,,,
"		OtherCurrentAssets",,,,0,0,0,0,"848,000","697,000",,0,0,"32,380,000","6,180,000",0,0,"2,622,000",0,"3,086,000","585,000","299,000","5,675,000","4,100,000","4,500,000","2,900,000","5,100,000","3,800,000","1,500,000","1,100,000","1,300,000","1,200,000","1,100,000","1,100,000","1,000,000"
"	TotalNonCurrentAssets","144,292,000","138,391,000","123,269,000","105,586,000","114,435,000","103,130,000","78,354,000","79,443,000","85,080,000","91,099,000","76,270,000","72,504,000","64,345,000","109,852,000","133,015,000","122,046,000","115,854,000","110,613,000","103,505,000","91,237,000","92,282,000","92,858,000","98,000,000","106,000,000","115,100,000","125,600,000","135,300,000","128,000,000","72,300,000","65,200,000","58,400,000","58,300,000","58,700,000","56,100,000"
"		NetPPE","137,143,000","134,909,000","120,788,000","103,051,000","92,791,000","83,554,000","63,881,000","70,244,000","75,391,000","77,079,000","63,250,000","57,363,000","63,309,000","108,974,000","132,212,000","121,835,000","115,629,000","109,097,000","91,804,000","91,015,000","92,124,000","92,771,000","97,900,000","105,600,000","114,700,000","125,100,000","134,900,000","112,600,000","70,100,000","64,600,000","57,500,000","57,300,000","56,400,000","51,900,000"
"			GrossPPE","318,881,000","320,448,000","295,893,000","267,288,000","246,219,000","229,914,000","198,176,000","194,687,000","190,519,000","185,385,000","165,365,000","164,559,000","163,345,000","315,782,000","360,472,000","336,428,000","317,626,000","296,377,000","263,990,000","258,501,000","245,305,000","232,508,000","224,400,000","218,600,000","213,800,000","210,300,000","206,300,000","182,500,000","135,800,000","127,300,000","115,900,000","109,600,000","102,700,000","92,800,000"
"				Properties","114,374,000","105,257,000","90,992,000","72,223,000","67,487,000","56,143,000","43,443,000","40,681,000","39,509,000",0,0,0,0,0,0,0,0,0,0,0,0,,,,,,,,,,,,,
"				LandAndImprovements",,,"90,992,000","72,223,000","67,487,000","56,143,000","43,443,000","40,681,000","39,509,000","40,073,000","29,962,000","31,397,000","35,563,000","49,109,000","49,503,000","42,394,000","28,389,000","25,735,000","25,459,000","22,422,000","20,553,000",,,,,,,,,,,,,
"				MachineryFurnitureEquipment","182,654,000","194,247,000","188,087,000","178,657,000","168,124,000","158,159,000","151,935,000","149,203,000","146,466,000","143,282,000","119,420,000","130,196,000","127,035,000","263,423,000","293,156,000","284,815,000","270,908,000","251,140,000","230,271,000","224,658,000","220,977,000",,,,,,,,,,,,,
"				OtherProperties","5,151,000","6,490,000",,0,0,0,0,0,0,,0,0,0,0,0,0,0,0,"8,260,000",0,0,,,,,,,,,,,,,
"				ConstructionInProgress","16,702,000","14,454,000","16,814,000","16,408,000","10,608,000","15,612,000","2,798,000","4,803,000","4,544,000","2,030,000","15,983,000","2,966,000","747,000","3,250,000","17,813,000","9,219,000","18,329,000","19,502,000",,"11,421,000","3,775,000",,,,,,,,,,,,,
"			AccumulatedDepreciation","-181,738,000","-185,539,000","-175,105,000","-164,237,000","-153,428,000","-146,360,000","-134,295,000","-124,443,000","-115,128,000","-108,306,000","-102,115,000","-107,196,000","-100,036,000","-206,808,000","-228,260,000","-214,593,000","-201,997,000","-187,280,000","-172,186,000","-167,486,000","-153,181,000","-139,737,000","-126,500,000","-113,000,000","-99,100,000","-85,200,000","-71,400,000","-69,900,000","-65,700,000","-62,700,000","-58,400,000","-52,300,000","-46,300,000","-40,900,000"
"		GoodwillAndOtherIntangibleAssets",,,,,,,,,,,,,,,,,,,,,,,,,,,,,,,,,,"3,000,000"
"			OtherIntangibleAssets",,,,,,,,,,,,,,,,,,,,,,,,,,,,,,,,,,"3,000,000"
"		InvestmentsAndAdvances",,,,0,"18,934,000","18,563,000","12,373,000","7,123,000","7,301,000","12,147,000","12,575,000","14,266,000","238,000",,,,,,,,,,,,,,,,,,,,,
"			LongTermEquityInvestment",,,,0,"18,934,000","18,563,000","12,373,000","7,123,000","7,301,000",,,,,,,,,,,,,,,,,,,,,,,,,
"		OtherNonCurrentAssets","7,149,000","3,482,000","2,481,000","2,535,000","2,710,000","1,013,000","2,100,000","2,076,000","2,388,000","1,873,000","445,000","875,000","798,000","878,000","803,000","211,000","225,000","1,516,000","11,701,000","222,000","158,000","87,000","100,000","400,000","400,000","500,000","400,000","15,400,000","2,200,000","600,000","900,000","1,000,000","2,300,000","1,200,000"
TotalLiabilitiesNetMinorityInterest,"104,049,000","91,553,000","76,451,000","71,598,000","79,044,000","78,150,000","56,234,000","69,726,000","76,344,000","84,727,000","58,433,000","48,353,000","81,248,000","91,917,000","76,156,000","69,672,000","68,973,000","68,828,000","67,912,000","61,540,000","73,906,000","53,401,000","52,000,000","55,700,000","56,700,000","63,600,000","64,100,000","53,900,000","23,500,000","28,400,000","26,700,000","25,900,000","32,200,000","36,900,000"
"	CurrentLiabilities","53,329,000","39,295,000","37,463,000","41,580,000","36,995,000","37,661,000","30,748,000","34,150,000","29,771,000","59,171,000","34,980,000","23,491,000","49,545,000","69,216,000","42,585,000","38,069,000","33,018,000","36,613,000","31,098,000","26,598,000","34,678,000","17,832,000","16,300,000","16,200,000","13,600,000","10,100,000","14,400,000","18,000,000","12,800,000","18,000,000","14,300,000","13,000,000","17,600,000","19,300,000"
"		PayablesAndAccruedExpenses","46,584,000","36,060,000","35,789,000","40,246,000","31,816,000","33,289,000","26,446,000","31,772,000","27,304,000","32,894,000","28,617,000","22,802,000","25,840,000","29,897,000","23,583,000","20,689,000","17,365,000","18,391,000","13,333,000","12,426,000","14,454,000","10,563,000","9,100,000","9,100,000","8,200,000","6,400,000","7,800,000","8,200,000","5,700,000","6,300,000","4,700,000","4,700,000",,
"			Payables","32,438,000","30,956,000","26,611,000","31,222,000","24,515,000","24,700,000","20,173,000","24,965,000","23,380,000","28,871,000","24,218,000","15,292,000","19,864,000","23,315,000","15,814,000","10,661,000","11,744,000","10,576,000","9,729,000","8,681,000","10,446,000","10,563,000","9,100,000","9,100,000","8,200,000","6,400,000","7,800,000","8,200,000","5,700,000","6,300,000","4,700,000","4,700,000",,
"				AccountsPayable","30,273,000","29,511,000","25,363,000","30,037,000","20,342,000","20,940,000","16,076,000","23,107,000","18,860,000","28,871,000","24,218,000","15,292,000","19,864,000","23,315,000","15,814,000","10,661,000","11,744,000","10,576,000","9,729,000","8,681,000","10,446,000","10,563,000","9,100,000","9,100,000","8,200,000","6,400,000","7,800,000","8,200,000","5,700,000","6,300,000","4,700,000","4,700,000",,
"				TotalTaxPayable","2,165,000","1,445,000","1,248,000","1,185,000","824,000","1,469,000","764,000","654,000","512,000",,,,,,,,,,,,,,,,,,,,,,,,,
"					IncomeTaxPayable","704,000",,,,0,"685,000",,,,,,,,,,,,,,,,,,,,,,,,,,,,
"				DuetoRelatedPartiesCurrent",,,,0,"3,349,000","2,291,000","3,333,000","1,204,000","4,008,000",,,,,,,,,,,,,,,,,,,,,,,,,
"				OtherPayable",,,,0,0,0,0,0,0,,0,0,0,0,0,0,0,0,,0,0,,,,0,0,0,0,0,0,0,0,,
"			CurrentAccruedExpenses","14,146,000","5,104,000","9,178,000","9,024,000","7,301,000","8,589,000","6,273,000","6,807,000","3,924,000","4,023,000","4,399,000","7,510,000","5,976,000","6,582,000","7,769,000","10,028,000","5,621,000","7,815,000","3,604,000","3,745,000","4,008,000",,,,,,,,,,,,,
"				InterestPayable",,,,"8,414,000","6,461,000","7,817,000","5,606,000","5,175,000","2,627,000",,,,,,,,,,,,,,,,,,,,,,,,,
"		PensionandOtherPostRetirementBenefitPlansCurrent","3,033,000","590,000","1,288,000","962,000","820,000","1,027,000","973,000","821,000","784,000",,,,,,,,,,,,,,,,,,,,,,,,,
"		CurrentDebtAndCapitalLeaseObligation","3,712,000","2,645,000","386,000","372,000","4,359,000","3,345,000","2,613,000","1,557,000","1,683,000","22,812,000","6,363,000","689,000","20,980,000","23,432,000","11,151,000","3,796,000","4,705,000","3,201,000","3,201,000","3,201,000","4,273,000","2,273,000","2,400,000","3,400,000","1,000,000",,,"8,600,000","100,000","1,000,000","200,000","300,000","4,400,000","2,400,000"
"			CurrentDebt","1,600,000","401,000","386,000","372,000","4,359,000","3,345,000","2,613,000","1,557,000","1,683,000","22,812,000","6,363,000","689,000","20,980,000","23,432,000","11,151,000","3,796,000","4,705,000","3,201,000","3,201,000","3,201,000","4,273,000","2,273,000","2,400,000","3,400,000","1,000,000",,,"8,600,000","100,000","1,000,000","200,000","300,000","4,400,000","2,400,000"
"				LineOfCredit",,,,,,,,,0,,,,,,,,,,,,,,,,,,,,,,,,,
"				OtherCurrentBorrowings","1,600,000","401,000",,,,,,,"1,683,000","22,812,000",,,,,,,,,,,,,,,,,,,,,,,,
"			CurrentCapitalLeaseObligation","2,112,000","2,244,000",,,,,,,,,,,,,,,,,,,,,,,,,,,,,,,,
"		CurrentDeferredLiabilities",,,,,,,,,,,,,,"4,562,000","7,851,000","9,374,000","10,948,000","12,598,000","14,564,000",,,,,,,,,,,,,,,
"			CurrentDeferredTaxesLiabilities",,,,,,,,,,,,,,,,,,,"241,000",,,,,,,,,,,,,,,
"			CurrentDeferredRevenue",,,,,,,,,,,,,,"4,562,000","7,851,000","9,374,000","10,948,000","12,598,000","14,323,000",,,,,,,,,,,,,,,
"		OtherCurrentLiabilities",,,,0,0,0,"716,000",0,0,"3,465,000",0,0,"2,725,000","11,325,000",0,"4,210,000",0,"2,423,000",,"10,971,000","15,951,000","4,996,000","4,800,000","3,700,000","4,400,000","3,700,000","6,600,000","1,200,000","7,000,000","10,700,000","9,400,000","8,000,000","13,200,000","16,900,000"
"	TotalNonCurrentLiabilitiesNetMinorityInterest","50,720,000","52,258,000","38,988,000","30,018,000","42,049,000","40,489,000","25,486,000","35,576,000","46,573,000","25,556,000","23,453,000","24,862,000","31,703,000","22,701,000","33,571,000","31,603,000","35,955,000","32,215,000","36,814,000","34,942,000","39,228,000","35,569,000","35,700,000","39,500,000","43,100,000","53,500,000","49,700,000","35,900,000","10,700,000","10,400,000","12,400,000","12,900,000","14,600,000","17,600,000"
"		LongTermDebtAndCapitalLeaseObligation","41,328,000","44,926,000","31,628,000","24,182,000","31,642,000","30,115,000","7,670,000","21,611,000","31,061,000","6,852,000","7,702,000","2,082,000","9,632,000","1,301,000","8,940,000","12,355,000","16,785,000","12,561,000","15,232,000","18,433,000","22,420,000","18,181,000","21,100,000","25,500,000","29,900,000","40,900,000","38,900,000","25,000,000",,"100,000","1,100,000","1,300,000","2,900,000","7,500,000"
"			LongTermDebt","38,271,000","40,659,000","31,628,000","24,182,000","31,642,000","30,115,000","7,670,000","21,611,000","31,061,000","6,852,000","7,702,000","2,082,000","9,632,000","1,301,000","8,940,000","12,355,000","16,785,000","12,561,000","15,232,000","18,433,000","22,420,000","18,181,000","21,100,000","25,500,000","29,900,000","40,900,000","38,900,000","25,000,000",,"100,000","1,100,000","1,300,000","2,900,000","7,500,000"
"			LongTermCapitalLeaseObligation","3,057,000","4,267,000",,,,,,,,,,,,,,,,,,,,,,,,,,,,,,,,
"		NonCurrentDeferredLiabilities","4,494,000","3,162,000","3,242,000","2,163,000","6,410,000","6,159,000","13,396,000","8,902,000","9,416,000","10,251,000","8,238,000","5,379,000","7,408,000","10,494,000","16,771,000","12,694,000","12,828,000","13,677,000","15,802,000","10,587,000","10,774,000","11,218,000","8,200,000","7,500,000","7,000,000","6,600,000","5,300,000","6,000,000","6,400,000","10,300,000","11,300,000","11,500,000","11,400,000","9,700,000"
"			NonCurrentDeferredTaxesLiabilities","2,298,000","1,929,000","1,677,000","12,000","3,432,000","2,757,000","9,297,000","4,977,000","5,283,000","6,056,000","3,740,000",,"1,218,000","10,494,000","16,771,000","12,694,000","12,828,000","13,677,000","15,802,000","10,587,000","10,774,000","11,218,000","8,200,000","7,500,000","7,000,000","6,600,000","5,300,000","6,000,000","6,400,000","10,300,000","11,300,000","11,500,000","11,400,000","9,700,000"
"		NonCurrentAccruedExpenses",,,,,,,,,,"6,309,000","6,498,000",,,,,,,,,,,,,,,,,,,,,,,
"		EmployeeBenefits","1,476,000",,"2,595,000","3,133,000","3,604,000","4,136,000","4,420,000","4,423,000","5,096,000",,,,,,,,,,,,,,,,,,,,,,,,,
"			NonCurrentPensionAndOtherPostretirementBenefitPlans","1,476,000",,"2,595,000","3,133,000","3,604,000","4,136,000","4,420,000","4,423,000","5,096,000",,,,,,,,,,,,,,,,,,,,,,,,,
"		OtherNonCurrentLiabilities","3,422,000","4,170,000","1,523,000","540,000","393,000","79,000",0,"640,000","1,000,000","2,144,000","1,015,000","17,401,000","14,663,000","10,906,000","7,860,000","6,554,000","6,342,000","5,977,000","5,780,000","5,922,000","6,034,000","6,170,000","6,400,000","6,500,000","6,200,000","6,000,000","5,500,000","4,900,000","4,300,000",0,0,"100,000","300,000","400,000"
TotalEquityGrossMinorityInterest,"262,526,000","231,044,000","201,441,000","168,730,000","146,292,000","116,160,000","104,365,000","81,603,000","86,827,000","84,430,000","75,198,000","72,784,000","63,884,000","134,015,000","148,148,000","134,912,000","120,527,000","118,209,000","105,218,000","104,678,000","100,544,000","102,378,000","105,400,000","106,300,000","108,600,000","109,200,000","112,600,000","114,200,000","103,200,000","91,900,000","83,000,000","76,400,000","72,400,000","55,800,000"
"	StockholdersEquity","262,526,000","231,044,000","201,441,000","168,730,000","146,292,000","116,160,000","104,365,000","81,603,000","86,827,000","84,430,000","75,198,000","72,784,000","63,884,000","134,015,000","148,148,000","134,912,000","120,527,000","118,209,000","105,218,000","104,678,000","100,544,000","102,378,000","105,400,000","106,300,000","108,600,000","109,200,000","112,600,000","114,200,000","103,200,000","91,900,000","83,000,000","76,400,000","72,400,000","55,800,000"
"		CapitalStock","6,719,000","6,719,000","6,719,000","6,719,000","6,719,000","6,719,000","6,719,000","6,719,000","6,719,000","4,000","4,000","6,719,000","4,000","4,000","4,000","4,000","6,719,000","6,719,000","6,719,000","6,719,000","6,719,000","6,719,000","6,700,000",,,,,,,,,,,
"			PreferredStock","4,000","4,000","4,000","4,000","4,000","4,000","4,000","4,000","4,000","4,000","4,000","4,000","4,000","4,000","4,000","4,000","4,000","4,000","4,000","4,000","4,000","4,000",,,,,,,,,,,,
"			CommonStock","6,715,000","6,715,000","6,715,000","6,715,000","6,715,000","6,715,000","6,715,000","6,715,000","6,715,000",0,0,"6,715,000",0,0,0,0,"6,715,000","6,715,000","6,715,000","6,715,000","6,715,000","6,715,000","6,700,000",,,,,,,,,,,
"			OtherCapitalStock",,,,0,0,0,0,0,0,,0,0,0,0,0,0,0,0,,0,0,,,,,,,,,,,,,
"		AdditionalPaidInCapital","15,503,000","14,029,000","15,375,000","13,912,000","14,279,000","11,356,000","9,904,000","8,728,000","7,894,000","13,640,000","14,188,000","11,990,000","18,287,000","15,718,000","15,799,000","13,918,000","5,341,000","5,005,000","2,605,000","2,601,000","2,485,000","2,485,000","2,500,000",,,,,,,,,,,
"		RetainedEarnings","262,943,000","230,784,000","198,914,000","167,129,000","142,652,000","114,558,000","89,454,000","66,686,000","72,531,000","78,953,000","69,224,000","71,428,000","62,690,000","131,813,000","148,929,000","136,267,000","124,754,000","123,181,000","114,861,000","110,916,000","105,878,000","104,073,000","99,200,000","97,900,000","100,100,000","100,000,000","103,400,000","105,000,000","94,000,000","82,600,000","73,800,000","67,200,000","72,000,000","55,500,000"
"		TreasuryStock","23,125,000","20,242,000","19,403,000","18,719,000","16,985,000","15,973,000","980,000","526,000","84,000","7,132,000","8,203,000","14,526,000","14,786,000","15,035,000","15,352,000","14,795,000","16,059,000","16,445,000","18,917,000","15,734,000","14,553,000","10,899,000","2,900,000",,,,,,,,,,,
"		GainsLossesNotAffectingRetainedEarnings","486,000","-246,000","-164,000","-311,000","-373,000","-500,000","-732,000","-4,000","-233,000","-1,035,000","-15,000","-2,827,000","-2,311,000","1,515,000","-1,232,000","-482,000","-228,000","-251,000","-50,000","176,000","15,000",,,,,,,,,,,,,
"			OtherEquityAdjustments",,,"-164,000","-311,000","-373,000","-500,000","-732,000","-4,000","-233,000",,,,,,,,,,,,,,,,,,,,,,,,,
"		OtherEquityInterest",,,,,,,,,,,,,,,,,,,,,,,"-100,000","8,400,000","8,500,000","9,200,000","9,200,000","9,200,000","9,200,000","9,300,000","9,200,000","9,200,000","400,000","300,000"
TotalCapitalization,"300,797,000","271,703,000","233,069,000","192,912,000","177,934,000","146,275,000","112,035,000","103,214,000","117,888,000","91,282,000","82,900,000","74,866,000","73,516,000","135,316,000","157,088,000","147,267,000","137,312,000","130,770,000","120,450,000","123,111,000","122,964,000","120,559,000","126,500,000","131,800,000","138,500,000","150,100,000","151,500,000","139,200,000","103,200,000","92,000,000","84,100,000","77,700,000","75,300,000","63,300,000"
PreferredStockEquity,"4,000","4,000","4,000","4,000","4,000","4,000","4,000","4,000","4,000","4,000","4,000","4,000","4,000","4,000","4,000","4,000","4,000","4,000","4,000","4,000","4,000","4,000",,,,,,,,,,,,
CommonStockEquity,"262,522,000","231,040,000","201,437,000","168,726,000","146,288,000","116,156,000","104,361,000","81,599,000","86,823,000","84,426,000","75,194,000","72,780,000","63,880,000","134,011,000","148,144,000","134,908,000","120,523,000","118,205,000","105,214,000","104,674,000","100,540,000","102,374,000","105,400,000","106,300,000","108,600,000","109,200,000","112,600,000","114,200,000","103,200,000","91,900,000","83,000,000","76,400,000","72,400,000","55,800,000"
CapitalLeaseObligations,"5,169,000","6,511,000",,,,,,,,,,,,,,,,,,,,,,,,,,,,,,,,
NetTangibleAssets,"262,526,000","231,044,000","201,441,000","168,730,000","146,292,000","116,160,000","104,365,000","81,603,000","86,827,000","84,430,000","75,198,000","72,784,000","63,884,000","134,015,000","148,148,000","134,912,000","120,527,000","118,209,000","105,218,000","104,678,000","100,544,000","102,378,000","105,400,000","106,300,000","108,600,000","109,200,000","112,600,000","114,200,000","103,200,000","91,900,000","83,000,000","76,400,000","72,400,000","52,800,000"
WorkingCapital,"168,954,000","144,911,000","117,160,000","93,162,000","73,906,000","53,519,000","51,497,000","37,736,000","48,320,000","18,887,000","22,381,000","25,142,000","31,242,000","46,864,000","48,704,000","44,469,000","40,628,000","39,811,000","38,527,000","48,383,000","47,490,000","45,089,000","43,100,000","39,800,000","36,600,000","37,100,000","27,000,000","22,100,000","41,600,000","37,100,000","37,000,000","31,000,000","28,300,000","17,300,000"
InvestedCapital,"302,393,000","272,100,000","233,451,000","193,280,000","182,289,000","149,616,000","114,644,000","104,767,000","119,567,000","114,090,000","89,259,000","75,551,000","94,492,000","158,744,000","168,235,000","151,059,000","142,013,000","133,967,000","123,647,000","126,308,000","127,233,000","122,828,000","128,900,000","135,200,000","139,500,000","150,100,000","151,500,000","147,800,000","103,300,000","93,000,000","84,300,000","78,000,000","79,700,000","65,700,000"
TangibleBookValue,"262,522,000","231,040,000","201,437,000","168,726,000","146,288,000","116,156,000","104,361,000","81,599,000","86,823,000","84,426,000","75,194,000","72,780,000","63,880,000","134,011,000","148,144,000","134,908,000","120,523,000","118,205,000","105,214,000","104,674,000","100,540,000","102,374,000","105,400,000","106,300,000","108,600,000","109,200,000","112,600,000","114,200,000","103,200,000","91,900,000","83,000,000","76,400,000","72,400,000","52,800,000"
TotalDebt,"45,040,000","47,571,000","32,014,000","24,554,000","36,001,000","33,460,000","10,283,000","23,168,000","32,744,000","29,664,000","14,065,000","2,771,000","30,612,000","24,733,000","20,091,000","16,151,000","21,490,000","15,762,000","18,433,000","21,634,000","26,693,000","20,454,000","23,500,000","28,900,000","30,900,000","40,900,000","38,900,000","33,600,000","100,000","1,100,000","1,300,000","1,600,000","7,300,000","9,900,000"
NetDebt,"18,209,000","37,751,000","26,989,000","21,470,000","34,432,000","32,713,000","4,642,000","20,311,000","32,744,000","29,280,000","5,867,000",,"29,454,000","24,733,000","12,855,000",,"11,106,000","9,274,000","894,000",,,"12,726,000","19,400,000","24,200,000","24,900,000","37,100,000","38,400,000","29,800,000",,,,,,"6,100,000"
ShareIssued,"18,115,965","18,115,965","18,115,965","18,115,965","18,115,965","18,115,965","18,115,965","18,115,965","18,115,965","19,530,344","19,530,344","19,530,344","19,530,344","16,560,578","16,492,890","16,273,560","15,994,680","15,908,830","15,370,688","16,133,572","16,406,708","17,166,794","19,052,144","19,400,344","19,400,344","19,530,344","19,530,344","19,530,344","19,530,000","19,530,000","19,520,000","19,520,000","18,876,000","19,199,595"
OrdinarySharesNumber,"16,915,862","17,028,125","16,856,414","16,797,420","16,658,765","16,681,576","17,674,559","17,750,421","17,934,233","18,115,965","17,905,767","16,675,744","16,598,585","16,560,578","16,492,890","16,273,560","15,994,680","15,908,830","15,370,688","16,133,572","16,406,708","17,166,794","19,052,144","19,400,344","19,400,344","19,530,344","19,530,344","19,530,344","19,530,000","19,530,000","19,520,000","19,520,000","18,876,000","19,199,595"
PreferredSharesNumber,437,437,437,437,437,437,437,437,437,437,437,437,437,437,437,437,437,437,437,437,437,437,,,,,,,,,,,,
TreasurySharesNumber,"1,200,103","1,087,840","1,259,551","1,318,545","1,457,200","1,434,389","441,406","365,544","181,732","1,414,379","1,624,577","2,854,600","2,931,759",,,,,,,,,,,,,,,,,,,,,
,,,,,,,,,,,,,,,,,,,,,,,,,,,,,,,,,,
Operating Margin,0.137138104,0.130234738,0.133340778,0.119813365,0.127940966,0.094973214,0.024616376,-0.015562607,-0.002790984,0.003606075,0.035920999,-0.21812404,-0.075465839,0.073805551,0.069369288,0.024093583,0.056481437,-0.03095045,0.053042027,0.015869762,0.037920476,0.016658954,-0.011643529,0.008010681,-0.023638232,0.058790904,0.137096774,0.135250918,0.088546256,0.08758372,0.069565217,0.099061522,0.131305044,#DIV/0!
Net Margin,0.137138104,0.130234738,0.133340778,0.123497617,0.131887778,0.100273501,0.026576006,-0.01608283,-0.002823515,0.003606075,0.035920999,-0.21812404,-0.075465839,0.073805551,0.069369288,0.024093583,0.056481437,-0.03095045,0.053042027,0.015869762,0.037920476,0.016658954,-0.011643529,0.008010681,-0.023638232,0.058790904,0.137096774,0.135250918,0.088546256,0.08758372,0.069565217,0.099061522,0.131305044,#DIV/0!
Return On Equity,0.153680016,0.167903083,0.185086452,0.247869377,0.213162716,0.225473485,0.226848081,-0.060402191,0.018703859,-0.015551344,0.116199899,-0.949700484,-0.183801891,0.132059844,0.094466344,0.029678605,0.078555013,0.043600741,0.05948602,0.025411261,0.048635423,0.012698041,-0.020872865,0.000940734,-0.031307551,0.03021978,0.141207815,0.141856392,0.130813953,0.12078346,0.101204819,0.171465969,0.139502762,0
Current Ratio,4.168144912,4.687771981,4.127352321,3.240548341,2.997729423,2.421072197,2.674808118,2.105007321,2.623055994,1.319193524,1.639822756,2.070282236,1.630578262,1.677068886,2.143689092,2.16811579,2.230480344,2.087346025,2.238889961,2.819046545,2.369456139,3.52854419,3.644171779,3.456790123,3.691176471,4.673267327,2.875,2.227777778,4.25,3.061111111,3.587412587,3.384615385,2.607954545,1.896373057
Quick ratio,2.9559E-08,3.42346E-08,3.7946E-08,3.47889E-08,3.80143E-08,4.12441E-08,7.76635E-08,6.0286E-08,7.18016E-08,4.24424E-08,1.10612E-07,1.42542E-07,7.99303E-08,2.63607E-08,5.03272E-08,7.11628E-08,7.13708E-08,6.36871E-08,8.30572E-08,1.35825E-07,1.29976E-07,1.83339E-07,1.48742E-07,1.6945E-07,2.46078E-07,2.34838E-07,1.95578E-07,1.68771E-07,3.89908E-07,2.26749E-07,2.49126E-07,2.86832E-07,2.08636E-07,1.62083E-07
